1783 3158
602 199 909 249 ἸΛΙΑΔΟΣ
952 198 1029 246 Δ’.

1476 201 1579 251 227

233 344 438 402 Ἡιθεον,
466 341 677 415 θαλεξον,
708 342 969 412 Σιμοείσιον·
997 367 1038 394 ον
1064 365 1168 394 ποτε
1195 346 1339 415 μῆτηξ

91 417 403 478 475''13n54v
429 441 671 482 κατιουσα,
697 419 798 488 παῖ
828 414 1022 490 exstinctu
1052 415 1285 486 Σιμόεντος

234 492 464 550 Γείνατῌ,
453 492 547 544 ενι-εί
570 515 631 560 ρα
659 494 852 544 τοκεῦσιν
880 476 1012 561 οἴμ’”
993 514 1169 548 εσπετο,
1196 495 1333 560 μῆλα
1359 489 1556 543 ἰδέσθαι·

234 565 436 618 Τοῦνεκά.
460 590 536 636 μιν
563 568 726 618 κάλεον
756 566 1019 635 Σιμοείσιον·
1047 565 1143 617 ουδὲ
1172 568 1346 617 τοκεῦσι

236 639 457 713 Θξέωτξα
481 641 629 731 φίλοις
657 640 878 699 ἀπέδωκε,
908 639 1193 709 μινυνθάδιος
1223 638 1265 690 δέ
1293 642 1331 691 οἱ
1357 639 1458 692 αι’ων

221 712 492 772 '‘EmeS‘,
472 717 539 766 vot’
570 715 763 772 Αιάντος
789 713 1056 783 μεγαθύμε
1086 713 1178 784 δεξι
1208 712 1406 782 δαμέντι.

86 791 193 840 480
231 792 406 861 Πξῶτον
434 791 527 861 7025
553 812 627 858 μιν
655 788 775 839 ι’όντα
801 788 931 851 βάλε
959 790 1144 845 στῆθος,
1173 789 1299 859 παξοὶ
1319 787 1468 860 μαζον

232 862 406 924 Δεξιόν·
437 861 616 934 ἀντικρὺ
645 862 688 914 δε
719 862 768 914 δι’
798 860 897 932 (bl-08
924 863 1129 931 χάλκεον
1156 861 1297 930 ἐ’γχος

217 934 422 988 Ἠλῧεν-
452 962 472 988 ο
501 938 534 990 ῤ’
564 959 602 988 εν
628 959 789 1009 κονιησι
816 960 981 1006 χαμαι
1007 934 1147 993 πέσεν,
1176 936 1373 1007 αι’γειξος
1402 934 1472 995 ὣς,

221 1010 292 1062 “H
319 1012 382 1082 ῥά
409 1013 444 1063 τ’
475 1034 512 1063 εν
541 1014 720 1082 εἱαμενῇ
748 1010 866 1069 ελεος
893 1012 1122 1102 μεγάλοιο
1149 1011 1358 1075 πεφύκει,

233 1086 358 1144 Λειη·
387 1087 508 1175 {evag
537 1085 581 1136 τὲ
609 1109 645 1136 οι
674 1083 803 1155 οζοι’
793 1086 854 1136 επ’
886 1087 1115 1156 ἀκξοτάτη
1142 1086 1356 1149 πεφύασι·

946 1159 957 1176 Χ

86 1162 193 1213 485
231 1159 320 1218 Την
346 1158 426 1230 μέν
453 1162 500 1210 θ’
531 1157 856 1232 ἁξματοπηγος
885 1162 987 1230 ἀνηξ
1015 1158 1176 1210 αἴθωνι
1205 1158 1358 1230 σιὸἦξω

232 1309 398 1344 Juvenem,
416 1307 588 1344 florentem,
607 1307 806 1338 Simo‘isium:
830 1316 925 1348 quem
940 1306 1018 1337 olim
1034 1311 1134 1336 mater

147 1364 209 1393 475
233 1363 285 1392 Ab
303 1362 360 1392 Ida
375 1361 572 1397 descendens,
589 1362 629 1392 ad
644 1362 725 1401 ripas
743 1362 913 1392 Simo‘e'ntis

234 1417 366 1455 Peperit,
383 1427 455 1447 cum
471 1422 612 1455 parentes
626 1416 721 1446 simul
737 1422 926 1457 sequeretur,
943 1425 1037 1455 pecus
1052 1420 1088 1445 ut
1103 1413 1221 1445 videret
1231 1409 1250 1444 a*

233 1470 402 1509 Propterea
416 1471 519 1510 ipsum
536 1472 687 1501 vocabant
704 1470 909 1500 Simo'isium:
931 1480 1032 1510 neque
1047 1469 1228 1509 parentibus

235 1525 375 1555 Nutritia
390 1525 468 1555 caris
483 1524 627 1560 reddidit,
644 1525 744 1555 brevis
758 1531 865 1555 autem
884 1525 914 1555 ei
929 1533 1003 1554 aetas

234 1579 315 1614 Fuit,
332 1580 370 1608 ab
388 1579 486 1619 Ajace
501 1579 708 1619 magnanimo
722 1578 832 1609 lancea
846 1579 1019 1609 interfecto.

148 1635 209 1663 480
232 1633 377 1663 Primum
392 1633 478 1664 enim
494 1634 598 1673 ipsum
613 1634 790 1664 venientem
807 1633 958 1673 percussit
975 1634 1006 1663 in
1022 1639 1153 1672 pectore,
1169 1632 1210 1664 ad
1225 1642 1400 1664 mammam

232 1687 418 1717 Dexteram:
444 1697 481 1717 ex
497 1686 627 1718 adverso
642 1695 748 1718 autem
763 1698 818 1727 per
832 1689 1000 1718 humerum
1017 1697 1097 1717 aerea
1108 1688 1196 1718 hasta

235 1740 312 1770 Ivit:
341 1740 391 1770 hic
409 1747 514 1772 autem
530 1741 562 1771 in
578 1742 705 1781 pulvere
720 1742 809 1771 humi
825 1741 948 1777 decidit,
965 1741 1101 1780 populus
1115 1751 1180 1777 ceu,

233 1794 313 1829 Quae
329 1794 362 1824 in
378 1795 583 1836 irriguo-loco
598 1796 722 1835 paludis
737 1806 861 1836 magnae
876 1802 950 1826 nata
967 1802 1021 1831 est,

229 1848 331 1879 Laevis
343 1861 353 1887 ;
372 1856 466 1890 atque
481 1850 510 1880 ei
525 1850 605 1880 rami
619 1851 652 1880 in
667 1860 792 1881 summo
806 1851 916 1882 vertice
931 1855 1109 1881 creverunt:

147 1904 210 1934 485
233 1903 338 1939 Quam
355 1904 483 1945 quidem
498 1915 649 1936 curruum
663 1905 833 1936 fabricator
846 1905 977 1936 micanti
993 1905 1077 1935 ferro

315 1994 410 2024 etiam
428 1994 475 2025 cl.
493 1994 624 2025 Alberto
638 1995 678 2025 ad
698 1995 777 2026 Hes.
796 1994 850 2025 sed
866 1995 898 2025 in
916 1995 964 2026 ed.
982 2005 1026 2035 pr.
1043 1994 1076 2025 in
1093 1993 1183 2026 Frob.
1200 1999 1257 2025 etc.
1281 1999 1328 2024 est
1342 1994 1472 2038 Seia-w,
1496 1997 1580 2038 quod

316 2054 432 2079 temere
447 2050 574 2090 corrigit
590 2050 754 2081 Kusterus.
778 2050 897 2092 Spin-ra
913 2050 1008 2080 etiam
1037 2049 1175 2089 Hesych.
1199 2049 1285 2090 quod
1311 2059 1375 2079 non
1396 2050 1490 2081 audet
1515 2061 1582 2081 cor-

314 2102 415 2143 rigere
444 2104 608 2142 sospitator
636 2104 712 2144 ejus.
766 2105 858 2135 Patet
883 2105 1003 2147 Sedu-w
1025 2114 1091 2134 esse
1120 2103 1371 2144 antiquissimam
1405 2104 1580 2136 lectionem.

315 2156 409 2187 Forte
424 2158 485 2199 τδρ
500 2157 612 2188 elisum
628 2165 675 2188 est
690 2158 936 2198 pronunciando,
955 2165 991 2189 ut
1004 2157 1130 2189 mollior
1144 2167 1203 2188 vox
1218 2164 1307 2190 esset.
1350 2162 1415 2189 480
1427 2158 1488 2201 μιν]
1507 2159 1580 2190 MS.

315 2209 385 2240 edd.
400 2216 472 2241 vett.
517 2214 581 2242 484
594 2212 705 2256 αὐτὰρ]
717 2213 790 2244 MS.
834 2213 988 2257 πεφύασιν]
1005 2213 1045 2244 R.
1061 2214 1103 2244 A.
1118 2216 1147 2244 2.
1159 2215 1190 2244 5.
1204 2212 1238 2245 J.

113 2392 182 2418 Cum
197 2392 271 2419 ferro
291 2395 403 2420 accisam
420 2395 570 2427 crebrisque
590 2395 748 2427 bipennibus
769 2397 814 2422 in-

143 2436 214 2459 stant

113 2471 214 2498 Emere
224 2475 344 2505 agricolae
354 2477 492 2507 certatim,
506 2477 551 2502 illa
561 2483 646 2508 usque
655 2478 785 2509 minatur,

113 2510 147 2535 Et
157 2513 311 2539 tremefacta
320 2522 424 2540 comam
435 2521 562 2541 concusso
573 2517 672 2542 vertice
682 2520 773 2542 nutat:

111 2548 272 2577 Vulneribus
282 2554 366 2579 donec
376 2555 514 2586 paullatim
526 2557 621 2586 evicta,
631 2562 787 2588 supremum

110 2591 279 2626 eongemuit.
289 2598 424 2629 traxitque
431 2598 503 2629 jugis
511 2599 605 2624 avulsa
615 2600 732 2624 ruinam.

554 2638 615 2663 AEn.
631 2638 671 2663 11.
684 2639 741 2664 626.

80 2690 175 2726 Quod
189 2692 228 2723 de
243 2695 338 2725 Ilmd.
364 2696 392 2726 ν’.
415 2707 476 2728 ver.
500 2701 573 2729 389.
596 2699 623 2739 (³¹
625 2704 670 2740 Ηρι
672 2698 745 2729 πεδ’
769 2698 804 2732 ὣς

78 2733 125 2765 ὅτε
141 2749 169 2766 τι
172 2750 183 2770 ς
199 2734 296 2778 δρῦς”
277 2751 319 2781 ngr
312 2751 384 2774 ι,πεν
389 2739 402 2778 )
424 2741 594 2771 observavit
616 2743 805 2778 Macrobius,-

79 2785 217 2817 nempe‘
220 2782 319 2811 ‘nullo
330 2785 447 2821 negotio
461 2784 656 2814 Homericam
669 2786 805 2815 arborem

80 2824 98 2840 ‘⁴
111 2822 259 2858 abscidi,n
282 2833 355 2854 cum
372 2825 527 2866 Virgilius
553 2831 572 2845 ⁴⁶
593 2838 703 2867 magno
717 2829 803 2858 cultu

80 2864 323 2904 d“ifficultatem
346 2869 537 2899 abscidenda:
558 2871 691 2900 arboreae
716 2872 804 2900 molis

80 2909 321 2947 “N-pressent
347 2910 505 2948 (Macrob.
522 2912 572 2941 lib.
591 2912 632 2942 V
655 2922 720 2951 cap.
739 2913 802 2951 11.)

853 2404 885 2430 et
898 2399 956 2430 hic
964 2407 1088 2440 quoque
1102 2396 1216 2448 pariter
1230 2395 1335 2427 locum
1351 2395 1454 2432 habet,
1470 2394 1496 2426 si
1514 2395 1578 2426 uti·

852 2452 914 2483 que
924 2441 1027 2472 locum
1041 2442 1172 2471 omnino
1183 2441 1317 2470 haberet.
1349 2442 1395 2469 At
1407 2449 1511 2469 revera
1526 2441 1580 2480 (ut

853 2495 891 2515 ex
924 2486 1069 2516 Hobbesco
1100 2484 1219 2514 amavit
1245 2482 1376 2522 Papius)
1401 2482 1507 2519 inepta
1532 2487 1579 2512 est

850 2528 953 2558 omnis
978 2529 1092 2558 horum
1116 2527 1252 2557 duorum
1274 2525 1415 2555 locorum
1440 2526 1521 2555 inter
1545 2534 1579 2554 se

849 2570 990 2601 instituta
1019 2569 1217 2609 comparatio.
1273 2568 1400 2608 Quippe
1425 2570 1578 2599 Homerus

850 2620 882 2644 et
905 2615 1059 2654 Virgilius,
1075 2622 1148 2643 cum
1163 2622 1212 2642 res
1226 2610 1320 2651 longe
1335 2612 1416 2641 inter
1430 2622 1463 2641 se
1473 2611 1576 2641 diver·

849 2657 1131 2693 sasdescriberent;
1155 2656 1206 2685 hic
1229 2655 1339 2684 urbem
1365 2655 1527 2694 ingentem
1543 2654 1578 2683 in

848 2700 938 2740 ignes
961 2699 1123 2738 paullatim
1148 2697 1371 2733 considentem,
1400 2697 1454 2727 ine
1476 2696 1578 2726 homi-

850 2752 924 2773 nem
947 2752 1013 2772 uno
1035 2742 1099 2772 ictu
1125 2742 1262 2771 occisum
1287 2748 1381 2781 atque
1406 2739 1497 2770 humi
1523 2749 1577 2768 ex-

850 2791 988 2822 tensum;
1006 2794 1095 2814 suam
1119 2791 1249 2824 uterque
1271 2783 1434 2814 materiam
1449 2792 1508 2812 suo
1522 2791 1576 2811 co-

847 2827 912 2857 lore
954 2837 990 2856 ac
1024 2827 1126 2866 specie
1154 2827 1283 2862 ornavit,
1322 2837 1412 2857 suam
1446 2832 1578 2864 uterque

847 2869 1056 2909 pulcherrima
1069 2870 1289 2911 aptissimaque
1302 2868 1508 2901 similitudine
1522 2876 1576 2897 eso

848 2913 983 2951 plicavit.
