1820 3158
845 88 936 131 xvii

137 209 310 265 possint,
344 205 544 253 Hectore,
568 202 699 259 portis
718 201 910 253 effractis,
947 202 1203 257 irrumpente
1232 201 1275 242 in
1307 216 1442 245 naves.
1525 204 1652 248 Forte

138 289 319 331 Achilles
339 295 450 328 stans
470 285 514 326 in
534 285 666 340 puppi
686 284 845 326 viderat
865 283 1125 325 vulneratum
1146 284 1313 325 Ducem
1334 284 1450 325 educi
1484 302 1506 326 e
1535 303 1644 342 prae-

134 369 200 411 lio.-
261 369 303 410 Is
324 367 393 424 qui
410 368 461 407 sit
481 366 650 422 cupiens
671 366 788 416 scire,
810 365 937 407 mittit
952 364 1201 406 sciscitatum
1219 364 1469 407 Patroclum.
1533 368 1643 411 Eum

134 456 279 492 onerat
297 448 487 505 precibus
509 447 678 498 Nestor,
700 455 747 489 ut
767 447 800 488 si
831 446 1011 488 Achilles
1041 462 1083 488 se
1111 446 1264 502 placari
1295 461 1381 488 non
1411 447 1533 498 sinat,
1555 449 1642 503 ipse

133 532 302 573 indutus
333 530 456 571 armis
487 529 658 571 Achillis
677 529 720 570 in
741 528 932 584 praelium
962 528 1114 579 veniat,
1137 528 1171 568 si
1201 527 1398 583 adspectu
1429 543 1641 571 armorum

133 612 417 654 Achilleorurn
437 611 583 652 terreri
596 610 771 666 Trojani
785 611 944 666 possint
957 618 996 651 et
1012 609 1153 651 Graeci
1169 610 1357 651 recreari.
1423 610 1589 652 Interea
1603 619 1646 653 et

131 694 352 750 Neptunus
373 709 495 750 opem
518 694 679 735 Graecis
698 692 804 734 ferre
827 701 961 748 parat,
984 692 1204 734 incitandis
1224 692 1347 733 etiam
1369 693 1567 748 Ajacibus
1581 694 1642 736 -ad

130 775 415 833 pugnandum.
480 775 563 817 Sed
584 774 800 815 consilium
820 774 1046 830 procedere
1065 788 1152 814 non
1174 781 1323 829 potest,
1345 774 1450 815 Jove
1470 775 1642 832 vigilan-

127 865 180 899 te.
242 856 388 912 Itaque
407 855 433 898 J
436 871 535 906 uno,
558 870 654 897 cum
674 855 841 913 cingulo
862 855 1035 896 Veneris
1056 855 1108 896 ad
1125 870 1221 897 eum
1236 855 1435 911 profecta,
1453 871 1640 899 amorem

129 937 186 979 illi
207 946 248 979 et
268 952 461 979 somnum
481 937 628 992 injicit,
650 952 726 992 per
745 951 870 992 quem
892 936 1114 992 Neptunus
1134 945 1225 978 tuto
1246 951 1369 992 opem
1398 937 1488 979 fert.
1552 938 1639 980 Ex·-

128 1026 339 1074 perrectus
360 1034 382 1060 e
403 1033 550 1060 somno
570 1018 750 1074 Jupiter,
773 1033 868 1059 cum
887 1033 931 1060 se
951 1018 1115 1060 illusum
1136 1034 1161 1060 a
1180 1019 1207 1060 J
1210 1034 1348 1060 unone
1367 1020 1494 1071 videt,
1517 1028 1558 1062 et
1577 1021 1642 1077 ip-

129 1113 217 1141 sam
238 1099 446 1158 objurgat,
469 1107 510 1141 et
531 1099 778 1155 Neptunum
791 1099 1001 1140 discedere
1022 1115 1046 1140 a
1074 1115 1218 1157 pugna
1239 1101 1374 1156 jubet,
1405 1101 1578 1144 incitato
1599 1119 1643 1145 e-

125 1182 227 1223 tiam
267 1181 477 1236 Apolline,
509 1188 556 1222 ut
593 1180 824 1221 Hectorem
855 1180 1011 1221 incitet.
1076 1179 1209 1221 Hunc
1244 1196 1345 1238 ergo
1385 1196 1637 1239 praegressus

123 1263 278 1318 Apollo
297 1277 393 1304 cum
413 1262 561 1318 aegide,
586 1262 759 1303 Graecos
779 1260 942 1317 fugatos
962 1261 1016 1302 ad
1036 1276 1159 1302 naves
1189 1262 1408 1317 compellit.
1469 1263 1636 1307 Interea

124 1351 273 1386 exorat
293 1342 498 1385 Achillem
521 1341 733 1383 Patroclus
755 1342 807 1382 de
827 1342 966 1383 armis:
999 1342 1129 1398 iisque
1153 1343 1322 1385 indutus
1350 1345 1489 1399 primo
1519 1346 1636 1405 ffigat

124 1432 240 1467 metu
259 1439 472 1466 armorum
493 1424 715 1479 Trojanos,
737 1438 838 1465 mox
859 1424 1039 1481 agnituS,
1062 1424 1114 1465 ab
1136 1424 1368 1479 Euphorbo
1382 1427 1633 1483 vulneratur,

124 1506 177 1548 ab
200 1506 388 1548 Hectore
408 1513 547 1548 autem
568 1505 771 1547 occiditur
791 1513 832 1546 et
852 1505 1067 1561 spoliatur:
1100 1521 1250 1561 corpus
1285 1507 1422 1562 ipsum
1452 1525 1477 1550 a
1508 1511 1633 1552 Grae-

122 1589 180 1632 cis
200 1587 449 1639 defenditur,
472 1595 513 1629 et
531 1588 576 1628 in
596 1595 729 1628 castra
748 1586 938 1638 refertur,
961 1588 1085 1628 misso
1101 1587 1154 1628 ad
1171 1587 1375 1629 Achillem
1390 1590 1449 1630 rei
1464 1593 1633 1635 nuncio.

123 1673 213 1716 Hic
233 1688 331 1715 vero
362 1688 450 1714 non
482 1672 609 1714 modo
645 1687 806 1714 summa
840 1688 893 1713 ex
925 1688 975 1714 eo
1007 1688 1104 1714 casu
1136 1673 1303 1715 tristitia
1337 1675 1529 1727 afficitur,
1560 1679 1632 1720 sed

121 1757 247 1799 etiam
266 1756 329 1799 ira
348 1757 392 1797 in
415 1756 647 1798 Hectorem
667 1756 902 1798 incenditur
923 1764 964 1797 et
984 1736 1211 1812 cupiditate
1231 1757 1337 1799 illius
1367 1760 1492 1801 caedis
1513 1761 1633 1802 ulcis-

121 1838 279 1882 cendae.
341 1837 427 1878 Vix
447 1852 543 1879 eum
565 1836 713 1878 Thetis
733 1837 887 1888 differt,
919 1837 1020 1878 dum
1043 1852 1156 1879 nova
1175 1854 1291 1880 arma
1310 1839 1469 1883 adferat
1488 1858 1513 1883 a
1528 1843 1632 1885 Vul-

117 1936 236 1963 cano.
298 1918 355 1961 Iis
375 1919 518 1970 allatis,
540 1919 585 1960 in
604 1919 668 1961 his
688 1919 831 1976 clypeo
852 1920 1102 1961 admirabilis
1122 1920 1283 1963 artificii
1306 1930 1346 1964 et
1366 1925 1492 1979 ampli
1508 1942 1632 1984 argu-

118 2002 265 2052 menti,
287 2008 495 2042 recreatur
516 2000 698 2042 Achilles
720 2017 742 2042 e
763 2001 920 2051 dolore,
944 2009 984 2042 et
1005 2017 1099 2042 cum
1120 2002 1277 2045 interea
1297 2005 1480 2060 placatus
1510 2018 1630 2060 esset,

116 2083 296 2140 acceptis
315 2083 452 2133 donis,
475 2082 799 2140 Agamemnoni,
823 2082 875 2123 ad
906 2083 1181 2140 pugnandum
1209 2087 1493 2144 progreditur,
1524 2090 1629 2131 Jove

112 2166 238 2208 etiam
257 2164 521 2220 permittente
541 2163 651 2214 Diis,
675 2171 720 2204 ut
738 2163 792 2204 ad
812 2163 963 2205 bellum
983 2164 1248 2208 descendant.
1310 2168 1375 2209 Ibi
1395 2169 1547 2211 multos
1567 2171 1631 2213 in-

113 2246 330 2289 terficienti
349 2245 423 2286 vix
439 2260 464 2286 a
494 2244 694 2300 Neptuno
725 2243 900 2295 AEneaS,
935 2245 1100 2288 Hector
1130 2247 1183 2288 ab
1214 2249 1408 2303 Apolline
1438 2251 1626 2306 eripitur,

116 2327 312 2370 omnibus
332 2325 490 2368 caeteris
512 2325 564 2367 ad
594 2325 741 2367 urbem
771 2326 1003 2381 compulsis.
1065 2327 1132 2369 Ita
1160 2327 1365 2371 furentem
1399 2346 1494 2372 cum
1528 2334 1627 2375 Sca-

113 2408 288 2453 mander
306 2409 457 2451 fluvius
487 2407 681 2449 cohibere
710 2417 845 2463 parat,
878 2409 950 2449 vix
983 2424 1007 2450 a
1045 2409 1234 2452 Vulcano
1271 2420 1466 2454 servatur.
1529 2415 1626 2457 Ser-

111 2499 253 2537 vatum
271 2490 447 2548 impedit
467 2489 634 2547 Apollo,
657 2505 741 2546 quo
760 2490 898 2531 minus
920 2490 1127 2546 Trojanos
1146 2507 1273 2547 porro
1287 2493 1525 2546 insectetur,
1548 2498 1625 2539 sub

110 2575 247 2632 specie
267 2573 476 2631 Agenoris
495 2571 579 2614 huc
608 2571 704 2614 illuc
733 2570 895 2630 fugiens
927 2580 969 2613 et
999 2572 1280 2629 insequentem
1316 2573 1496 2616 eludens.
1558 2577 1624 2620 Ita

111 2656 286 2712 Trojani
305 2664 447 2711 portas
466 2655 639 2697 assecuti
659 2654 763 2696 urbe
792 2654 1056 2706 clauduntur,
1087 2663 1240 2711 praeter
1271 2656 1519 2709 Hectorem,
1552 2661 1624 2715 qui

108 2746 228 2781 extra
246 2736 394 2778 urbem
414 2744 624 2793 exspectat
646 2735 865 2789 Achillem,
888 2752 1042 2793 pavens
1072 2744 1211 2781 tamen
1241 2753 1290 2783 ac
1318 2739 1545 2798 trepidam,
1578 2749 1624 2782 ut

188 2823 296 2865 Vor..
329 2823 365 2865 Ι.
893 2838 916 2866 c
