1820 3158
908 189 937 220 ἵ,

164 305 324 352 derant,
347 302 471 344 etiam
492 301 621 343 bonas
638 301 831 343 lectiones
852 301 1031 353 dabant3
1051 318 1147 344 cum
1164 317 1278 345 secus
1293 303 1510 356 ceciderat,
1532 307 1668 361 pravis

164 384 348 426 contenti
368 390 500 433 erant,
523 397 618 438 quae
638 390 849 438 utcunque
861 384 1032 441 intelligi
1047 393 1226 440 possent.
1289 386 1577 440 Clzalcondylas
1597 404 1669 430 au-

161 473 244 507 tem
265 464 449 520 profecto
468 464 576 505 inter
596 472 766 506 caeteros
786 465 967 506 maxime
986 466 1030 506 in
1063 465 1143 507 hoc
1163 481 1329 522 genere,
1362 468 1592 521 praesertim
1623 470 1667 510 in

163 546 357 596 Homero,
380 545 553 602 diligens
566 544 657 596 fuit,
681 554 727 587 ut
744 545 938 588 discimus
954 555 1067 588 etex
1080 548 1234 597 Nerlz'z',
1255 555 1296 589 et
1315 548 1441 603 ipsius
1461 548 1669 603 praefatio-

161 641 230 676 ne,
253 634 300 668 ut
320 626 391 682 qui
420 640 506 667 non
539 625 665 668 modo
701 626 876 668 Codices
909 627 1097 677 Homeri,
1127 643 1306 683 quorum
1337 636 1515 684 potestas
1547 638 1666 681 esset,

158 707 402 757 consuleret,
425 706 496 747 sed
517 707 640 748 etiam
655 709 865 748 Eustatlzz'z'
884 708 1202 749 commentarios
1218 709 1436 760 conferret,
1452 725 1504 750 ex
1519 711 1664 766 iisque,

160 803 255 844 quae
274 789 467 831 lectiones
487 798 621 832 essent
640 790 683 831 in
704 790 930 832 veterrimis
953 790 1194 842 Codicibus,
1211 807 1312 847 quos
1325 793 1388 834 vel
1401 793 1488 848 ipse
1500 794 1666 849 inspex-

158 871 269 920 isset,
291 869 353 911 vel
372 870 425 911 de
445 869 593 926 quibus
614 886 639 912 a
662 870 955 913 Grammaticis
976 871 1175 913 traditum
1210 873 1440 928 reperisset,
1477 874 1666 917 disceret.

161 951 268 993 Sunt
287 959 427 993 tamen
447 952 492 993 in
513 951 593 993 hac
614 951 796 994 editione
816 967 901 994 non
915 967 1048 1007 pauca
1067 954 1227 1004 vitiosa,
1250 954 1311 995 vel
1327 954 1416 1010 ipso
1428 970 1566 997 versus
1579 971 1665 998 me-

157 1041 224 1075 tro
243 1033 470 1084 indicante,
493 1048 673 1089 quorum
694 1033 894 1075 nonnulla
924 1034 1194 1075 concesserim
1227 1035 1361 1090 operis
1394 1036 1663 1093 typographi-

160 1114 218 1155 cis
237 1114 394 1164 deberi,
425 1115 520 1156 rudi
538 1123 628 1156 tum
644 1123 732 1156 arte
751 1115 833 1165 illa,
850 1123 891 1156 et
921 1115 1191 1170 speciminum
1211 1116 1607 1172 typographicormn
1623 1133 1666 1158 e-

161 1194 493 1237 mendandorum
513 1195 702 1236 nondum
722 1210 770 1236 ea
786 1195 1012 1251 diligentia,
1039 1210 1133 1250 quae
1155 1195 1342 1237 tollendis
1363 1211 1583 1251 operarum
1603 1198 1663 1239 vi-

155 1275 221 1317 tiis
241 1274 453 1316 sufficeret.
517 1274 727 1314 Caeterum
747 1275 791 1314 in
812 1274 890 1315 hac
910 1274 1090 1316 editione
1110 1290 1195 1316 esse
1221 1277 1443 1331 permultas
1470 1278 1662 1322 lectiones

156 1354 301 1404 bonas,
318 1369 412 1410 quae
425 1362 579 1396 temere
595 1363 738 1410 postea
750 1356 949 1413 neglectae
970 1356 1066 1407 sint,
1084 1365 1125 1397 et
1144 1356 1211 1398 alii
1230 1372 1446 1408 monuere,
1469 1367 1509 1400 et
1521 1374 1585 1401 res
1599 1360 1662 1415 ip-

154 1449 200 1476 sa
218 1434 385 1477 indicat.
446 1435 593 1492 Itaque
613 1436 667 1477 ad
686 1444 847 1479 textum
868 1438 1043 1478 Homeri
1062 1437 1168 1480 bene
1188 1439 1522 1481 constituendum
1534 1441 1662 1495 pluri-

154 1531 270 1558 mum
290 1525 331 1558 et
350 1517 505 1573 profuit
526 1517 594 1560 illa
614 1518 756 1570 editio,
779 1527 819 1561 et
838 1520 1032 1575 prodesse
1067 1521 1198 1578 magis
1229 1528 1379 1576 potest,
1401 1521 1434 1562 si
1456 1522 1550 1563 satis
1570 1521 1661 1563 dili-

154 1605 300 1654 genter
320 1598 568 1649 conferatur,
591 1600 704 1655 quod
724 1600 787 1642 vel
807 1616 829 1642 e
871 1602 1170 1643 Vallcenarz'ano
1199 1602 1437 1658 specimine,
1473 1603 1518 1643 in
1552 1602 1659 1644 libro

158 1678 315 1721 ΧΧΠ.
337 1657 508 1737 inteiligi
527 1688 674 1735 potest.

214 1759 342 1802 Hanc
364 1760 588 1803 editionem
608 1763 807 1817 expressit
820 1762 974 1804 Aldina
984 1765 1139 1818 prima,
1162 1778 1256 1819 quae
1277 1778 1344 1806 an.
1369 1768 1487 1804 1504.
1506 1769 1543 1805 8.
1560 1778 1659 1819 pro-

156 1838 244 1882 diit.
307 1841 418 1883 Nam
439 1843 513 1884 etsi
534 1858 625 1884 eam
645 1844 855 1886 interdum
875 1845 1039 1896 deserit,
1058 1854 1197 1887 tamen
1217 1846 1261 1887 id
1276 1845 1324 1888 fit
1344 1846 1406 1887 vel
1425 1861 1499 1902 per
1512 1861 1658 1902 opera-

151 1933 247 1963 rum
267 1923 559 1980 negligentiam
579 1933 620 1967 et
639 1926 858 1977 inscitiam,
881 1928 944 1969 vel
963 1929 1007 1969 in
1028 1928 1150 1969 rebus
1166 1929 1351 1979 minutis,
1367 1929 1473 1970 bene
1489 1930 1657 1986 quidem

153 2002 379 2056 interdum,
396 2007 466 2048 sed
489 2015 626 2050 tamen
646 2009 719 2059 ita,
742 2018 787 2051 ut
802 2020 1013 2066 appareat,
1028 2027 1095 2054 eas
1110 2013 1386 2055 correctiones
1407 2014 1548 2056 deberi
1564 2031 1656 2056 cor-

150 2087 393 2137 rectoribus,
416 2102 501 2130 non
521 2089 744 2132 Codicibus
765 2092 937 2147 scriptis.
998 2092 1146 2149 Neque
1166 2094 1278 2135 enim
1290 2095 1501 2137 observavi
1516 2097 1656 2138 lectio-

151 2182 224 2209 nes
245 2168 408 2222 majoris
428 2171 642 2221 momenti,
665 2187 758 2227 quae
777 2173 834 2214 ita
855 2173 1026 2216 diversae
1056 2175 1108 2216 ab
1129 2176 1320 2232 exemplo
1338 2178 1574 2218 Florentino
1594 2192 1656 2219 es-

155 2256 259 2298 sent,
282 2257 328 2290 ut
347 2264 433 2290 non
454 2251 633 2303 aliunde,
651 2268 777 2308 quam
797 2269 820 2296 e
842 2254 940 2297 MS.
963 2256 1099 2298 ductae
1115 2272 1200 2299 esse
1219 2259 1388 2313 possint.
1451 2258 1562 2299 Nam
1573 2258 1658 2300 fere

155 2330 356 2370 correctio
375 2329 482 2372 facta
503 2340 563 2373 est
582 2333 626 2373 in
646 2333 768 2376 rebus
789 2335 852 2385 iis,
875 2336 947 2377 ubi
977 2352 1115 2379 versus
1148 2338 1390 2380 ostendebat
1426 2339 1587 2391 vitium,
1609 2348 1656 2382 ut

154 2424 248 2450 cum
269 2408 302 2448 δὲ
325 2425 401 2466 pro
415 2411 444 2450 δ’
468 2422 540 2454 aut
560 2421 705 2457 contra
725 2417 876 2468 editur,
899 2427 970 2460 aut
998 2438 1010 2457 ν
1028 2420 1196 2462 additur
1221 2422 1283 2462 vel
1310 2421 1505 2464 demitur:
1540 2425 1654 2480 quod

154 2496 291 2532 tamen
312 2493 436 2534 etiam
455 2493 504 2535 fit
524 2510 633 2552 saepe
652 2498 810 2551 vitiose,
833 2508 875 2542 et
888 2501 947 2543 ita
965 2502 1262 2555 inconstanter,
1289 2512 1335 2546 ut
1366 2520 1463 2548 casu
1493 2506 1538 2548 id
1571 2507 1657 2550 fac-

149 2578 241 2612 tum
270 2572 463 2614 credibile
483 2575 544 2617 sit.

211 2652 398 2710 Longius
419 2670 443 2696 a
462 2657 700 2699 Florentino
716 2659 900 2703 discessit
919 2663 1076 2705 Aldina
1095 2666 1264 2705 secunda
1294 2680 1361 2707 an.
1389 2668 1508 2709 1517.
1533 2674 1571 2710 8.
1592 2669 1656 2711 in-

143 2733 312 2776 -terdum
333 2737 500 2791 quidem
519 2738 641 2790 bene,
663 2742 735 2783 sed
755 2745 904 2799 saepius
935 2745 1052 2788 male.
1115 2745 1261 2803 Itaque
1290 2762 1507 2804 possumus
1525 2766 1656 2808 prope

156 2816 307 2869 dicere,
322 2818 434 2862 hunc
450 2823 547 2865 novi
559 2825 737 2882 exempli
752 2834 914 2872 textum
926 2845 1024 2873 esse:
1063 2831 1168 2873 adeo
1197 2833 1336 2876 multis
1366 2836 1465 2878 locis
1488 2837 1655 2879 Hor-en-
