1820 3158
691 181 998 230 ἸΛΙΑΔΟΣ
1044 182 1120 229 A'.

1570 182 1633 231 11

283 330 466 380 Τίσειοιν
493 326 670 378 Δαναοὶ
700 326 793 394 ἐμοὶ
823 325 1001 397 duneval
1026 332 1142 378 σοῖσι
1177 326 1402 389 βέλεσσιν.

352 404 448 460 ‘sse
475 400 601 467 ἔφατ’
624 399 872 469 εὐχόμενος·
892 403 948 451 v}
975 400 1008 452 δ’
1033 398 1165 452 ἔκλυε
1192 402 1356 460 Φοῖὲος
1372 401 1625 454 Ἀπόλλων·

279 480 346 534 Βῆ
374 476 417 528 δὲ
445 477 546 526 κατ’
577 475 821 544 οὐλύιωποιο
847 477 1033 546 κοιξῆνων
1060 475 1278 545 χωόμενος
1316 479 1414 546 mig,

282 626 304 642 ‘⁸
319 623 593 663 Pendant-poenas
610 622 715 653 Danai
730 624 769 653 ob
785 633 872 653 meas
887 622 1064 663 lachrymas
1081 623 1146 652 tuis
1161 622 1319 662 sagittis!'’

331 678 381 708 Sic
397 677 477 708 dixit
492 688 600 714 orans;
622 687 694 706 eum
710 684 815 707 autem
831 677 952 707 audivit
967 676 1105 706 Phoebus
1128 676 1263 715 Apollo:

284 732 522 773 Descenditque
539 742 577 762 ex
595 731 663 761 coeli
679 731 846 761 verticibus
862 731 958 761 iratus
973 731 1090 765 animo,

387 823 477 854 Leid.
503 834 550 862 ap.
574 823 744 854 valkenar.
770 823 809 853 de
838 823 915 854 cod,
940 822 1029 854 Leid.
1056 833 1086 862 p.
1116 826 1185 853 108.
1209 821 1293 863 quod
1315 831 1423 852 verum
1450 828 1504 853 est.
1551 821 1634 852 Aliis

390 866 468 897 locis
485 867 559 897 MS.
577 867 614 897 L.
630 867 722 896 habet
745 867 865 908 κρήηνον.

133 986 237 1026 odyss.
253 985 293 1016 θ’.
308 987 379 1015 541.
395 984 437 1024 μ’.
456 984 520 1023 74.)
561 986 718 1015 Posterius
733 994 856 1023 semper
899 986 960 1015 rito
969 1000 982 1020 ,ν
1005 990 1042 1014 ut
1057 984 1136 1014 adeo
1151 984 1227 1024 quid
1237 983 1304 1024 jam
1321 983 1441 1013 factum
1464 985 1513 1018 sit,
1531 993 1642 1014 neces-

130 1027 315 1067 exprimitur
342 1038 417 1058 voce
446 1028 570 1063 βεβῆκει,
598 1031 663 1064 ἔβη,
688 1034 720 1057 et
746 1027 857 1057 simili-
899 1027 980 1057 sario
1011 1027 1128 1058 indicet
1151 1027 1192 1062 id,
1219 1026 1303 1067 quod
1318 1028 1427 1068 fiebat,
1445 1026 1552 1066 utique
1573 1026 1644 1065 jam

130 1072 204 1101 bus:
232 1073 320 1102 Iliad
337 1070 374 1101 α’.
391 1074 462 1100 221.
487 1069 553 1106 ἡδ’,
581 1069 755 1110 οὐλυμπόνδε
778 1071 865 1106 βεβή-

133 1125 185 1145 κει·
216 1114 259 1144 Et
289 1113 329 1144 τ’.
362 1116 433 1144 751-
469 1114 530 1146 Ὠς
562 1113 646 1144 εἶπάν
671 1131 714 1136 -
736 1113 862 1148 βεβήκει·

135 1157 280 1197 Aliisque
301 1156 476 1186 innumeris
501 1156 535 1185 in
550 1155 635 1186 locis.
683 1155 806 1191 Quibus
830 1155 864 1185 in

133 1199 210 1230 locis
231 1200 266 1235 si,
295 1200 410 1235 βέβηκε,
438 1199 577 1235 dixisset3
597 1198 665 1238 jam
690 1209 754 1227 non
784 1208 859 1228 con-

133 1243 261 1273 stitisset
283 1242 477 1281 Temporum
504 1242 592 1271 ratio.
640 1241 750 1270 Simile
774 1241 860 1270 enim

131 1283 250 1320 fuisset,
266 1295 301 1315 ac
316 1285 342 1315 si
363 1285 432 1324 quis
449 1286 578 1324 Anglice
591 1283 717 1321 diceret,
737 1289 754 1302 “
775 1286 866 1323 When

134 1331 202 1359 “lte
226 1330 288 1359 had
317 1330 386 1358 said
418 1329 498 1361 This,
526 1329 562 1357 lle
589 1324 622 1356 Is
635 1338 713 1365 gone
736 1326 864 1366 away;’'

133 1371 196 1401 Vel
221 1377 238 1390 ‘⁴
261 1371 352 1411 After
375 1372 411 1400 lte
434 1372 497 1400 Ιιαά
520 1371 596 1399 (lone
636 1371 724 1404 Tlu‘s,
749 1372 784 1399 lae
809 1371 865 1400 llas

133 1413 284 1454 Su1›1›e‹1.‘’
331 1412 425 1448 Quod
442 1420 473 1443 et
488 1414 560 1443 aliis
576 1414 713 1443 omnibus
734 1412 768 1441 in
792 1414 864 1443 Ver-

134 1458 178 1488 bis
194 1455 369 1486 notandum
384 1462 438 1486 est.

176 1504 235 1530 4ιο.
259 1499 347 1529 Hinc
362 1499 465 1529 videre
481 1505 536 1534 est,
553 1501 732 1538 Temporum
750 1498 782 1528 in
797 1508 857 1529 ser-

132 1543 236 1573 monis
266 1548 414 1572 contextu
443 1545 590 1572 rationem
620 1542 654 1572 in
679 1542 860 1572 uuiversum

133 1592 202 1616 tum
225 1592 373 1620 constare,
402 1595 477 1615 cum
500 1585 582 1614 inter
604 1595 636 1615 se
659 1585 867 1624 respondeant

140 1631 298 1668 Tempora,
328 1639 391 1658 non
407 1639 476 1668 quae
499 1630 606 1658 iisdem
637 1627 719 1658 forte
734 1630 867 1658 nomini-

133 1674 187 1703 bus
206 1678 280 1701 sunt
294 1682 313 1701 a
337 1671 558 1701 Grammaticis
577 1670 711 1706 definita,
729 1671 784 1701 sed
798 1681 869 1711 quoe

133 1721 206 1754 apto
233 1725 386 1750 connexu,
418 1721 449 1744 et
471 1713 611 1753 apposite
637 1713 677 1744 ad
703 1714 865 1744 scribentis

134 1763 275 1796 mentem
296 1756 549 1796 expromendam,
567 1757 752 1787 cohaereant.
799 1758 863 1788 Ea:-

135 1803 241 1840 emplis
257 1811 304 1830 res
319 1800 402 1830 clara
416 1799 478 1830 fiet.

185 1843 285 1884 AEque
300 1843 453 1873 constabit
468 1843 662 1882 Temporum
685 1843 772 1878 ratio,
795 1843 859 1873 sive

135 1887 219 1918 dicas
259 1889 320 1921 Ὠς
359 1886 442 1917 sistier
486 1887 641 1922 ἀποβαίνει,
687 1887 869 1929 ἀπέρχεται·

137 1936 154 1950 “
171 1932 249 1961 Haec
274 1931 415 1970 loquutus
438 1929 541 1960 abit:'’
574 1940 643 1969 quae
665 1929 793 1969 quidem
824 1929 868 1959 lo-

135 1973 254 2014 quendi
279 1973 358 2002 ratio
384 1983 422 2002 ea
445 1979 498 2008 est,
533 1983 603 2012 quae
626 1972 698 2002 stilo
728 1972 874 2002 historico

135 2027 203 2047 rem
254 2015 450 2054 praeteritam‚
488 2021 639 2055 tanquam
682 2021 874 2054 praesentem,

134 2059 290 2099 depingit:
319 2064 336 2078 “
350 2060 396 2089 As
417 2070 487 2089 soon
503 2070 538 2089 as
560 2061 599 2089 Ιιε
619 2061 680 2090 had
696 2061 764 2089 said
786 2060 870 2094 This,

137 2108 258 2142 “away
288 2104 323 2132 lte
350 2101 450 2141 goes.'’
498 2101 568 2131 Sive
591 2101 760 2137 dicas‘ng
789 2101 874 2133 εἰπὼν

135 2145 281 2181 ἐπέβαινε,
324 2146 489 2186 ἀπήρχετο·
549 2150 567 2163 “
591 2146 672 2175 ‚Haec
707 2146 861 2184 loquutus,

138 2188 315 2218 “abibat:‘’
351 2188 459 2229 Atque
483 2189 550 2218 haec
575 2187 703 2229 quidem
732 2188 862 2228 loquen-

136 2230 170 2262 di
185 2231 265 2262 ratio
292 2231 421 2261 BIotum
448 2230 593 2261 abeuntis
615 2231 763 2270 exprimit
785 2231 864 2261 Tar-

136 2274 272 2305 diorem:
308 2280 326 2293 “
341 2275 386 2305 As
409 2285 479 2304 soon
495 2284 530 2304 as
543 2276 579 2305 lze
604 2276 667 2304 had
681 2276 750 2304 said
783 2276 866 2309 This,

137 2320 175 2349 lle
190 2319 286 2357 began
302 2323 330 2347 to
352 2329 390 2356 go
417 2316 539 2357 au·ay.”
588 2316 659 2347 Sive
684 2316 780 2355 dicas,
805 2318 867 2351 ‘123

136 2361 221 2392 sia-dn
247 2361 355 2397 ἀπέβη,
393 2362 525 2393 ἀπῆλθε.
572 2361 685 2391 “Haec
715 2362 865 2400 loquutus,

136 2403 242 2435 abit:’'
265 2406 373 2443 Atque
388 2404 455 2433 haec
470 2402 621 2443 loquendi
636 2403 716 2433 ratio
735 2413 866 2443 genera-

136 2447 198 2477 lior
209 2453 270 2484 est;
293 2456 396 2486 neque
419 2447 549 2476 Motum
575 2446 729 2482 abeuntis
756 2445 863 2476 tardus

139 2490 180 2521 sit
210 2489 336 2524 celer-ve,
367 2489 523 2529 designat:
570 2494 588 2508 ‘⁴
618 2490 662 2519 As
677 2500 748 2520 soon
778 2491 864 2520 aske

137 2535 200 2564 had
226 2535 296 2564 said
327 2534 411 2567 This,
443 2535 479 2563 he
511 2538 590 2563 went
623 2532 745 2572 away.’'
793 2532 864 2562 Sive

139 2576 225 2606 dicas
239 2575 384 2615 denique,
401 2576 463 2609 Ὠς
481 2575 564 2606 εἰπὼν
579 2576 764 2612 ἀποβεβήκει,
787 2577 866 2606 ἀπε-

139 2619 277 2652 ληλύθει.
324 2624 341 2637 “
358 2619 438 2649 Haec
457 2621 610 2659 loquutus,
625 2620 741 2649 abierat
751 2617 784 2655 ,·'‘
809 2619 868 2649 At-

142 2672 205 2703 que
219 2663 286 2691 haec
301 2661 431 2701 quidem
456 2661 607 2701 loquendi
622 2661 709 2697 ratio,
738 2662 867 2692 Motum

139 2705 284 2735 abeuntis
295 2704 450 2743 exprimit,
465 2704 688 2734 Celeri-imum:
709 2706 779 2735 “As
793 2716 864 2735 soon

139 2759 174 2779 as
194 2750 230 2778 lie
243 2749 306 2778 laad
321 2749 390 2777 said
417 2748 446 2777 T
445 2749 500 2783 lais,
515 2749 551 2778 he
567 2759 628 2778 was
640 2747 748 2787 gone.”

185 2791 298 2827 Porro;
324 2789 484 2825 Quoniam
510 2790 652 2829 Tempus
674 2790 753 2820 illud
780 2801 858 2829 proe-

140 2845 207 2865 sens
225 2833 399 2874 perfectum,
429 2831 463 2874 [⁴⁴
475 2834 594 2863 occisus
608 2833 682 2869 est‚”
723 2840 740 2852 “
753 2835 868 2864 consti·

142 2882 242 2908 tutum
261 2875 336 2911 est,’'
361 2881 392 2905 et
419 2875 558 2917 similia‚]
580 2886 702 2915 semper
725 2876 790 2906 vim
813 2875 869 2905 ali-

145 2930 242 2961 quam
256 2918 427 2951 necessario
446 2919 539 2950 habet
552 2924 696 2950 mutuam
708 2929 746 2950 ex
763 2925 870 2959 praete-

908 1081 973 1100 esse
985 1074 1175 1110 praeteritum
1187 1085 1196 1105 ,·
1225 1076 1255 1100 et
1266 1069 1415 1110 quicquid
1426 1079 1566 1108 unquam
1578 1070 1643 1100 fac-

909 1119 978 1143 tum
994 1113 1106 1154 suerit,
1145 1114 1257 1143 exinde
1282 1112 1454 1142 necessario
1481 1112 1642 1148 efficiatur,

909 1162 944 1186 ut
959 1156 1038 1186 illud
1051 1156 1117 1196 jam
1135 1159 1174 1186 sit
1190 1156 1297 1196 ntique
1313 1155 1446 1185 factum:
1475 1155 1555 1185 Ideo
1572 1166 1642 1194 per·

903 1198 978 1229 inde
1002 1205 1055 1234 est,
1076 1199 1140 1229 sive
1155 1199 1194 1228 de
1221 1210 1258 1228 eo
1274 1198 1330 1239 qui
1345 1201 1399 1228 hoc
1422 1200 1485 1237 ipso
1500 1201 1644 1237 temporis

904 1248 1051 1272 momento
1085 1242 1245 1276 interierit,
1272 1242 1334 1271 sive
1361 1241 1400 1270 de
1427 1251 1463 1270 eo
1490 1241 1544 1280 qui
1570 1248 1643 1272 ante

911 1286 994 1315 mille
1004 1295 1100 1315 annos
1107 1285 1238 1323 perierit,
1258 1284 1455 1324 “interfectus
1466 1283 1538 1318 esl‚‘'
1549 1283 1642 1315 dicas.

958 1327 1123 1357 Similiter:
1153 1327 1247 1362 Quod
1270 1327 1313 1356 ait
1341 1329 1442 1357 Cice-ro
1466 1326 1504 1356 de
1519 1334 1640 1365 tempo-

909 1370 996 1400 ribus
1032 1371 1206 1409 praeteritis,
1245 1376 1262 1388 ‘⁴
1299 1371 1649 1401 CONSTITUTUM

911 1419 928 1432 ‘⁴
944 1415 1033 1444 EST
1050 1414 1195 1453 Legibus,
1217 1418 1251 1442 ut
1269 1432 1311 1436 --
1331 1412 1475 1447 liceret;”
1500 1423 1587 1452 aeque
1604 1413 1643 1443 de

903 1463 1054 1495 praesente
1096 1456 1157 1486 dici
1201 1457 1308 1494 potuit,
1342 1462 1359 1475 ‘⁴
1391 1456 1642 1486 CONSTJTU-

906 1504 923 1517 “
947 1501 1054 1531 TUM
1091 1501 1180 1530 EST
1202 1499 1349 1539 Legibus,
1377 1505 1413 1528 ut
1441 1517 1481 1521 —-
1504 1498 1641 1535 liceat;‘’

905 1542 1079 1583 (Fallitur.)

955 1585 1051 1621 Quod
1067 1585 1110 1615 ait
1130 1584 1308 1620 Terentius;
1340 1591 1356 1603 “
1372 1586 1449 1615 IVisz'
1468 1596 1514 1615 me
1529 1586 1642 1615 Iactus-

914 1634 931 1647 “
946 1639 991 1659 ses
1016 1635 1179 1664 amantem,
1203 1635 1229 1659 ιί
1250 1639 1329 1658 vana
1345 1639 1395 1667 spe
1417 1630 1599 1667 produceres
1608 1628 1642 1664 ;‘’

913 1681 976 1701 non
1015 1671 1106 1702 metri
1138 1681 1230 1701 causa
1263 1671 1392 1706 dictum,
1423 1670 1476 1700 sed
1513 1680 1546 1700 re
1576 1670 1644 1709 ipsa

908 1714 1009 1744 multo
1045 1714 1181 1754 amplius
1226 1720 1279 1749 est,
1313 1724 1408 1754 quam
1448 1713 1473 1743 si
1503 1713 1642 1752 dixisset,

914 1762 931 1775 ‘⁴
940 1757 1171 1797 produxissesf’
1216 1756 1340 1786 Iudicat
1352 1757 1436 1786 enim
1455 1767 1486 1786 se
1499 1765 1562 1786 non
1572 1766 1642 1786 mo-

908 1799 950 1829 do
964 1811 1045 1830 vana
1059 1812 1112 1840 spe
1125 1802 1308 1839 productum
1322 1800 1433 1840 ficisse,
1454 1799 1508 1829 sed
1531 1800 1642 1830 etiam-

909 1853 987 1873 num
999 1846 1145 1883 produci.

955 1887 1051 1922 Quod
1076 1886 1186 1917 itidem
1212 1888 1381 1917 Horatius:
1414 1891 1431 1904 ‘⁵
1453 1888 1641 1916 Parturiunt

914 1934 931 1948 ‘⁸
947 1931 1075 1965 Rsontes,
1096 1936 1238 1960 nascetur
1268 1931 1420 1959 ridiculus
1442 1929 1550 1959 mus:”
1578 1939 1644 1959 non

917 1972 1026 2013 utique
1041 1983 1145 2003 versus
1160 1973 1260 2013 gratia
1275 1972 1394 2002 dictum
1412 1978 1472 2009 est;
1498 1971 1550 2001 sed
1567 1974 1641 2006 ideo,

918 2021 955 2045 ut
983 2022 1136 2046 constaret
1172 2016 1366 2054 Temporum
1400 2015 1487 2044 ratio.
1549 2015 1643 2050 Quod

917 2059 1002 2088 enim
1026 2061 1184 2099 parturt't;
1212 2069 1249 2089 eo
1272 2058 1347 2097 ipso,
1375 2056 1459 2098 quod
1483 2057 1643 2097 parturiat,

916 2101 1061 2132 futurum
1076 2109 1127 2138 est,
1144 2102 1253 2142 utique
1267 2107 1302 2131 nt
1317 2101 1423 2140 pariat.

951 2146 993 2175 In
1019 2156 1057 2176 eo
1083 2145 1226 2185 denique,
1254 2144 1338 2185 quod
1362 2143 1446 2183 apud
1480 2145 1643 2183 Virgilium

908 2188 1035 2229 legitur:
1065 2190 1153 2219 “Illa
1170 2190 1214 2219 vel
1229 2189 1354 2218 intactce
1370 2188 1475 2227 segetis
1487 2197 1544 2226 per
1559 2198 1640 2217 sam-

913 2238 930 2251 “
944 2243 994 2262 ma
1012 2233 1125 2262 volaret
1154 2233 1314 2265 Gramina,
1338 2242 1393 2261 nec
1408 2237 1526 2260 teneros
1549 2238 1642 2260 cursu

914 2276 1070 2306 “laesisset
1097 2274 1254 2306 aristas:''
1279 2273 1395 2313 optime
1421 2278 1541 2302 constat
1564 2279 1643 2302 tem-

911 2328 1024 2357 porum
1040 2318 1134 2348 ratio:
1162 2317 1248 2353 Quia
1261 2316 1388 2356 perinde
1404 2322 1456 2350 ost,
1472 2315 1535 2345 sive
1550 2315 1643 2346 illum

911 2367 989 2396 tum,
1028 2371 1127 2401 quum
1163 2360 1307 2401 gramina
1344 2359 1524 2399 pervolaret,
1566 2369 1643 2399 quas

907 2411 1098 2444 percurreret
1113 2403 1222 2434 aristas
1242 2414 1302 2433 non
1318 2404 1428 2432 Icedere
1443 2400 1548 2438 dicas;
1569 2402 1642 2437 sive,

906 2458 982 2488 quas
991 2449 1196 2487 percurrisset
1211 2446 1337 2479 interea,
1352 2456 1414 2475 non
1429 2445 1548 2475 Iaesisse.

950 2491 1023 2521 Ver.
1041 2494 1093 2522 39.
1116 2489 1212 2521 εἴποτέ
1237 2502 1278 2518 τοι
1301 2487 1449 2531 χαρίεντ’]

944 2550 970 2573 Si
986 2555 1038 2580 qua
1048 2549 1101 2573 tuis
1112 2554 1230 2579 unquam
1240 2553 1288 2578 pro
1299 2553 1344 2570 me
1354 2548 1428 2577 pater
1446 2545 1580 2577 Hyrtacus
1592 2547 1644 2571 aris

943 2589 1023 2614 Dona
1033 2589 1104 2614 tulit.
1383 2586 1445 2611 AEn.
1460 2587 1510 2610 IX.
1521 2587 1580 2611 406.

943 2643 1036 2650 ——
1045 2629 1116 2654 colui
1127 2630 1227 2652 vestros
1237 2627 1257 2651 si
1269 2633 1373 2658 semper
1382 2627 1508 2651 honores.

1369 2667 1431 2691 AEn.
1442 2666 1510 2691 ΧΠ.
1523 2667 1538 2693 7
1541 2667 1582 2693 78.

952 2720 1030 2751 Ver.
1048 2723 1098 2749 40.
1115 2719 1197 2750 πίονα
1210 2718 1287 2761 μηρί’
1297 2716 1385 2760 hya]

1445 2770 1476 2802 β’
1492 2766 1558 2798 549.

943 2839 976 2846 -
986 2826 1101 2856 Pingues
1111 2838 1143 2844 —
1153 2832 1226 2849 aras:
1407 2823 1467 2848 AEn.
1483 2823 1530 2847 IV.
1540 2822 1581 2847 62.

943 2879 975 2886 —
985 2865 1172 2895 Pinguis—ara
1183 2864 1290 2888 Dianae:
1376 2862 1437 2887 AEu.
1448 2862 1514 2886 vll.
1524 2862 1583 2888 764.

957 2915 1032 2946 Ver.
1044 2917 1095 2946 43.
1108 2916 1168 2949 Ὠς
1181 2914 1266 2953 ἔφατ’
1279 2913 1438 2954 εόχὸμενος·
1451 2912 1501 2942 w]
1510 2911 1534 2942 δ’
1544 2908 1645 2950 ἔκλυε]

987 2773 1017 2806 ἔῷ
1031 2771 1062 2798 ἑνὶ
1073 2773 1134 2798 πίονι
1149 2774 1197 2806 uzo-'¹‘
