1783 3158
175 186 278 235 132

765 193 1089 245 ὈΜΗΡΟΥ

320 331 428 390 Υἱὸς
457 333 713 406 ὑπερθύμοιο
767 339 956 410 Κοξῶνου
994 340 1231 393 Καινεΐδαο
1251 359 1262 370 ·

324 412 427 464 Τοῖς
456 407 491 458 δ’
519 408 627 477 ἅμα
654 414 993 482 τεσσαράκοντα
1018 414 1232 483 μέλαιναι
1262 419 1348 475 νῆες
1377 417 1534 470 ἕποντο.

394 480 573 538 Γουνεὺς
602 482 636 532 δ’
665 484 713 532 ἐκ
742 484 896 549 Κύφου
924 485 1006 551 ἦγε
1036 487 1119 538 δύω
1145 490 1222 539 καὶ
1253 489 1388 542 εἴκοσι
1418 495 1534 549 νῆας·

322 557 399 620 Τῷ
427 554 460 603 δ’
487 556 666 612 Ἐνιῆνες
695 556 863 621 ἕποντο,
887 560 1212 629 μενεπτόλεμοί
1235 585 1281 613 τε
1309 566 1551 637 Περαιβοὶ,

179 626 285 680 750
327 625 395 677 Οἳ
418 627 512 698 mg}
537 627 743 688 Δωδώνην
771 628 1061 703 δυσχείμερον
1087 635 1188 683 οἰκί’
1219 634 1387 702 ἔθεντο,

322 698 394 751 Οἵ
414 701 448 749 τ’
478 703 595 768 ἀμφ’
625 700 796 775 ἱμεξτόν
822 707 1085 777 Τιταξῇσιον
1110 705 1200 778 ἐ’ξγ’
1230 708 1438 778 ἐνέμοντο,

322 772 409 831 ‘'Og
436 774 477 843 ῥ’
509 775 549 832 ἐς
576 777 750 835 Πηνειὸν
776 777 910 850 erg-oisc
939 780 1207 850 καλλῖῥροον
1233 781 1359 854 ὅδωξ,

320 847 431 898 Οὐδ’
460 846 538 912 ὅγε
567 855 734 919 Πηνειῷ
761 853 1076 921 συμμίσγεται
1099 856 1373 927 ἀξγυξοδίνῃ,

189 991 191 993 Ι
313 922 481 972 Ἀλλά
508 921 552 972 τὲ
579 948 654 992 μιν
679 925 956 997 καθύπεξθεν
983 927 1182 996 ἐπιρῥὲει,
1209 928 1300 986 ἠΰτ’
1329 928 1492 981 ἔλαιον·

170 997 276 1047 ’755
305 994 483 1066 ‘'Ognov
510 997 602 1068 γᾶς
631 998 762 1050 δεινοῦ
790 999 965 1064 Στυγὸς
991 1000 1151 1059 ὕδατός
1181 1002 1291 1053 ἐστιν
1325 1003 1543 1073 ἀπορῥώξ.

387 1072 638 1134 Μαγνήτων
665 1071 700 1122 δ’
729 1071 839 1144 {igne
868 1072 1073 1144 Πξόθοος,
1098 1075 1374 1147 Τενδξηδόνος
1397 1076 1500 1135 υἱός,

314 1216 413 1247 Filius
427 1218 620 1258 magnanimi
637 1220 754 1251 Coroni
771 1220 923 1252 Caenidae:

312 1271 384 1300 Hos
398 1277 503 1301 autem
519 1273 612 1304 simul
627 1274 832 1315 quadraginta
845 1275 943 1315 nigrae
958 1285 1051 1305 naves
1065 1276 1281 1316 sequebantur.

355 1325 487 1356 Guneus
500 1337 572 1357 vero
587 1338 624 1357 ex
642 1328 752 1368 Cypho
766 1328 898 1359 ducebat
911 1328 990 1359 duas
1004 1335 1034 1359 et
1049 1329 1159 1370 viginti
1175 1340 1284 1360 naves:

310 1379 410 1410 Hunc
424 1386 530 1411 autem
544 1382 683 1412 Enienes
696 1384 913 1423 sequebantur,
928 1383 1072 1424 firmique
1086 1383 1248 1414 bellatores
1263 1384 1398 1420 Peraebi,

223 1436 285 1465 750
307 1434 372 1470 Qui
386 1435 467 1466 circa
482 1435 652 1473 Dodonam
667 1437 755 1467 valde
771 1437 918 1478 frigidam
932 1438 1092 1468 domicilia
1105 1444 1286 1478 posuerant,

309 1489 435 1530 Quique
449 1490 530 1520 circa
544 1501 704 1521 amoenum
719 1491 910 1522 Titaresium
925 1503 998 1522 arva
1009 1492 1159 1528 colebant,

308 1543 373 1578 Qui
389 1543 422 1573 in
438 1544 580 1574 Pen‘eum
594 1545 736 1576 immittit
749 1545 1042 1585 pulchre-fluentem
1057 1556 1180 1586 aquam,

308 1596 375 1627 Nec
391 1598 443 1628 ille
457 1599 565 1629 Peneo
579 1599 797 1629 commiscetur
811 1600 1272 1640 argenteos-vortices-habeuti,

309 1651 371 1682 Sed
384 1652 487 1692 ipsum
503 1653 537 1683 in
551 1663 677 1683 summo
691 1660 877 1692 supernatat,
894 1654 990 1684 veluti
1005 1653 1124 1684 oleum:

225 1709 241 1735 7
245 1708 285 1736 55
307 1706 329 1737 J
331 1708 487 1737 uramenti
502 1707 587 1738 enim
602 1708 704 1748 gravis
720 1708 824 1749 Stygis
838 1718 926 1748 aquae
942 1714 990 1738 est
1003 1708 1096 1738 n’vus.

350 1761 553 1802 Magnetibus
568 1772 640 1792 vero
653 1768 782 1801 praeerat
796 1762 954 1792 Prothous
969 1760 1199 1795 Tenthredonis
1215 1760 1306 1796 filius,

349 1853 410 1882 746
426 1852 604 1895 ὑπερθύμου]
623 1853 695 1883 MS.

163 1972 180 1985 “
195 1966 277 2006 δοξος,
296 1968 454 2009 Εὐτυχῆς”
481 1976 537 2000 etc.
554 1971 686 2011 Dionys.
713 1972 879 2003 Halieum-

159 2012 223 2053 περὶ
239 2013 289 2045 τῆς
300 2012 420 2054 Ὀμήρου
435 2014 574 2049 ποιήσεως,
586 2015 616 2054 §.
632 2017 661 2043 8.
696 2014 880 2045 Notandum

160 2060 265 2083 autem
280 2055 339 2084 hoc
362 2055 395 2084 in
422 2066 511 2086 versu
535 2056 728 2095 particulam,
754 2058 798 2098 ῥα,
826 2067 881 2087 ne-

160 2105 317 2136 quaquam
341 2107 602 2136 supervacaneam
624 2109 706 2136 esse;
740 2099 794 2130 sed
817 2100 882 2129 vim

158 2138 272 2169 habere
287 2140 320 2169 in
343 2141 556 2172 connectenda
580 2142 733 2173 sententia
757 2142 882 2183 elegan-

158 2186 234 2211 tem:
263 2183 312 2212 Τόν
326 2185 369 2219 ῥα,
387 2185 483 2215 Hunc
499 2187 613 2224 utique.

204 2224 276 2254 Ver.
293 2228 366 2256 751.
389 2227 427 2257 Οἵ
455 2228 481 2256 τ’
511 2228 585 2266 ἀμφ’
618 2228 728 2270 ἱμερτὸν
757 2229 879 2270 Τιταρή-

156 2266 223 2307 σιον]
252 2268 335 2298 Cum
363 2269 448 2298 hunc
476 2280 610 2305 amnem,
635 2281 672 2300 ex
698 2280 761 2310 quo
786 2273 879 2311 Styga

158 2309 330 2340 derivatum
367 2311 449 2341 dicat
486 2312 590 2347 Poeta,
630 2323 725 2352 quam
755 2323 876 2353 aquam,

156 2354 268 2387 Strabo,
279 2353 330 2383 lib.
343 2357 371 2384 8.
381 2355 435 2385 sub
442 2357 546 2395 finem,
559 2354 628 2398 ὕδωρ
640 2356 765 2398 ὀλέθριοι
775 2356 880 2395 appel-

157 2394 220 2432 lat3
239 2396 350 2435 quaerit
363 2396 414 2426 hic
438 2397 625 2427 Doctissima
651 2399 786 2428 Domzna
811 2400 882 2429 Da-

155 2438 226 2471 cier‚
252 2449 313 2478 qua
341 2439 461 2470 ratione
489 2439 574 2470 idem
598 2440 700 2470 amnis
728 2440 878 2479 appellari

156 2480 253 2517 possit
268 2482 388 2523 ἱμερη-ὂς.
434 2482 680 2523 Βεεροῐιάεῐᾳυθ,
692 2484 830 2522 religiose
844 2483 877 2514 id

155 2520 229 2556 fieri,
253 2529 282 2552 et
296 2535 349 2562 per
374 2527 508 2555 timorem
516 2541 527 2561 ;
551 2525 662 2556 eodem
685 2525 750 2555 fere
774 2525 876 2561 modo,

155 2573 190 2593 ac
221 2567 329 2596 Furioe
358 2567 436 2597 olim
463 2567 698 2607 appellabantur
724 2567 878 2606 Εὐμενῖδες.

158 2606 239 2635 Mihi
252 2607 283 2637 id
300 2609 402 2646 potius
416 2610 473 2640 sibi
485 2610 618 2640 voluisse
632 2610 753 2640 videtur
764 2612 877 2641 Home-

153 2659 215 2682 rus,
233 2657 267 2678 ut
288 2651 480 2688 Titaresium,
497 2663 561 2683 non
574 2653 614 2683 ad
630 2662 781 2693 aquarum
793 2653 876 2683 salu-

152 2691 305 2727 britatem,
322 2694 374 2724 sed
396 2694 436 2724 ad
461 2695 671 2726 amoenitatem
697 2694 757 2725 loci
783 2695 876 2735 respi-

154 2732 246 2767 ciens,
262 2734 377 2765 diceret
392 2738 510 2777 ι’μερτὸν.

198 2775 269 2807 Ver.
287 2780 356 2807 753.
378 2778 442 2808 Οὐδ’
453 2780 501 2819 δ”γε
520 2784 627 2821 Πηνειᾷ
642 2780 855 2823 συμμίσγεται]

182 2825 223 2849 Sic
234 2826 290 2854 tibi,
301 2832 362 2850 curn
380 2827 475 2853 fluctus
485 2830 663 2854 subterlabere
676 2830 793 2859 Sicanos,

180 2863 260 2890 Doris
269 2871 360 2891 amara
371 2872 445 2892 suam
464 2874 518 2894 non
529 2869 707 2894 intermisceat
717 2869 826 2894 undam.

587 2909 656 2941 νινε.
666 2908 755 2940 Eczog.
766 2908 799 2934 x.
813 2909 835 2936 ι.

748 1855 811 1884 754
825 1851 1012 1894 καθύπερθε]
1030 1851 1103 1885 MS.
1155 1854 1215 1890 757
1237 1850 1341 1894 rigzu]
1358 1850 1433 1882 Ald.
1462 1855 1490 1882 2.
1514 1856 1544 1883 3.
1558 1853 1589 1885 J.
1606 1854 1647 1885 R.

925 1971 1068 2002 Similem
1082 1980 1120 2001 ex
1139 1972 1244 2001 Plinio
1259 1969 1334 2000 citat
1347 1969 1508 1999 historiam
1523 1972 1645 2001 Bas-ne-

924 2017 999 2045 sius:
1026 2020 1044 2033 ‘⁶
1062 2013 1185 2053 Accipit
1198 2022 1324 2043 amnem
1349 2013 1498 2042 Eurotam
1516 2014 1644 2048 Peneus,

927 2063 944 2076 “
959 2066 1016 2086 nec
1030 2055 1137 2095 recipit
1152 2061 1276 2092 tamen3
1293 2054 1355 2090 sed,
1381 2054 1441 2084 olei
1464 2054 1565 2089 modo,
1593 2065 1646 2084 su-

926 2105 943 2119 ‘⁶
957 2104 1173 2138 pernatantem
1204 2099 1256 2138 (ut
1280 2097 1396 2127 dictum
1421 2103 1467 2127 est
1492 2098 1641 2137 Homero)

926 2147 944 2161 “
959 2142 1043 2172 brevi
1059 2141 1159 2180 spatio
1173 2146 1329 2180 portatum
1354 2139 1473 2170 abdicat
1479 2151 1488 2176 ;
1510 2139 1646 2179 poenales

927 2190 945 2204 ‘⁴
959 2194 1061 2225 aquas,
1085 2183 1233 2223 Ditisque
1256 2182 1389 2223 genitaS‚
1404 2183 1558 2222 argenteis
1581 2183 1648 2212 suis

926 2233 944 2246 “
958 2226 1082 2257 misceri
1096 2225 1275 2256 recusans-'’
1298 2225 1368 2255 Lib.
1382 2228 1410 2255 4.
1418 2235 1483 2264 cap.
1494 2228 1522 2255 8.
1536 2226 1642 2264 Clark.

925 2270 1030 2300 Immo
1045 2268 1185 2299 eandem.
1231 2268 1314 2298 Nam
1332 2269 1434 2300 Plinii
1445 2269 1580 2298 Eurotas
1599 2273 1645 2297 est

923 2312 1097 2343 Titaresius
1126 2313 1264 2342 Homeri.
1295 2312 1447 2341 AElianus
1471 2316 1575 2339 autem
1611 2311 1643 2341 V.

926 2356 970 2386 H.
987 2355 1101 2385 111.1.
1125 2354 1166 2384 ad
1189 2354 1292 2392 ipsum
1318 2353 1461 2383 Peneum
1489 2352 1641 2382 traduxit:

924 2393 1592 2478 ‘zetam{25:25350232.233¹0v⁰322...
1602 2436 1644 2467 a.

922 2483 963 2514 θ’.
977 2486 1050 2514 569.
1067 2483 1170 2513 Clark.
1193 2479 1282 2511 Nihil
1297 2479 1336 2510 ad
1351 2480 1381 2509 h.
1397 2479 1415 2510 1.
1431 2479 1558 2515 faciunt,
1572 2489 1644 2519 quae

920 2525 964 2555 ibi
979 2535 996 2556 e
1020 2524 1177 2556 Pausania
1198 2523 1379 2553 afferuntur.
1435 2520 1523 2552 Illud
1545 2522 1644 2562 quaeri

921 2573 1028 2607 potest,
1043 2576 1138 2607 quare
1153 2565 1243 2604 po‘eta
1264 2564 1353 2599 dicat,
1377 2564 1565 2595 Titaresium
1582 2564 1645 2594 Pe-

920 2620 980 2640 neo
1004 2609 1065 2640 olei
1090 2608 1187 2639 modo
1211 2613 1418 2646 supernatare,
1441 2607 1513 2647 quia
1540 2607 1645 2647 Stygis

920 2654 1004 2682 rivus
1017 2652 1065 2682 sit.
1109 2651 1227 2681 Putem
1240 2649 1351 2689 respici
1366 2649 1405 2679 ad
1422 2649 1524 2690 Stygis
1551 2656 1643 2679 natu-

921 2705 997 2729 ram,
1013 2703 1107 2734 quem
1122 2693 1231 2732 poetae,
1248 2698 1283 2723 ut
1299 2692 1384 2722 tarde
1398 2698 1429 2722 et
1442 2691 1560 2727 leniter,
1575 2692 1643 2722 sine

922 2737 986 2767 ullo
1008 2745 1171 2766 murmure
1194 2741 1248 2765 aut
1272 2735 1400 2773 strepitu
1420 2734 1583 2770 labentem,
1609 2740 1645 2764 et.

920 2780 1066 2810 limosum
1082 2777 1269 2808 describunt.
1285 2779 1369 2808 Ern.

962 2823 1037 2852 Ver.
1063 2824 1135 2852 759.
1170 2821 1304 2859 μέλαιναι
1328 2822 1384 2855 νῆις
1399 2818 1521 2862 ἕποντα]
1557 2817 1641 2850 Vide

920 2875 1013 2906 supra
1026 2863 1066 2896 ad
1080 2873 1141 2894 ver.
1157 2867 1228 2897 494.
