1820 3158
916 181 967 226 iii

180 328 274 356 cum
294 312 404 354 edito
425 312 598 353 contulit
620 313 664 353 C.
695 313 748 352 L.
781 312 976 361 Bavems,
997 311 1215 368 Gymnasii
1234 314 1517 359 Laubanensis
1533 320 1576 361 in
1593 321 1679 364 Lu—

176 394 269 435 satis
289 408 401 434 nunc
424 393 593 443 Rector,
617 392 694 433 Vir
713 392 836 449 longe
856 393 1129 434 doctissimus:
1162 410 1240 452 ego
1267 405 1406 438 autem
1426 406 1467 439 et
1485 399 1573 453 ipse
1596 402 1679 443 Co-

173 475 307 517 dicem
327 489 414 530 prae
435 475 561 516 oculis
581 474 723 524 habui,
746 474 788 514 in
810 473 1051 515 lectionibus
1082 477 1166 530 ejus
1196 478 1405 528 notandis,
1438 479 1680 536 inspexique

172 557 313 607 etiam,
335 557 406 597 ubi
431 556 534 597 nihil
563 564 752 597 notatum
782 563 884 606 erat,
920 571 1016 598 cum
1048 572 1189 599 caussa
1220 568 1323 601 esset
1358 561 1587 616 quaerendi,
1625 577 1679 604 an

172 638 383 679 meliorem
403 638 620 679 lectionem
641 645 892 693 sequeretur,
915 652 969 678 an
989 637 1158 680 fortasse
1179 655 1204 681 a
1232 641 1406 697 vulgatis
1436 641 1678 683 discederet:

176 734 263 760 non
285 734 367 775 quo
388 720 542 760 Baverz·
565 719 790 776 diligentiae
823 717 1067 770 diffiderem,
1102 720 1173 761 sed
1205 722 1318 776 quod
1348 723 1393 763 in
1428 723 1508 765 hoc
1539 724 1680 765 labore

173 799 258 841 duo
278 799 384 841 oculi
405 799 474 840 vix
495 799 589 840 satis
610 798 766 848 vident,
789 806 829 840 et
848 799 893 839 in
913 799 1082 840 minutis
1102 800 1239 851 rebus,
1263 816 1356 857 quae
1378 803 1546 860 singulis
1568 819 1678 860 saepe

171 880 297 923 literis
318 889 522 931 constant,
556 880 671 922 facile
692 880 844 936 aliquid
873 880 1049 922 elabitur
1078 882 1202 922 etiam
1234 898 1405 925 summae
1436 884 1672 942 diligentiae.

172 963 224 1004 In
240 963 360 1018 hujus
379 964 506 1020 igitur
525 961 619 1003 libri
638 960 880 1002 lectionibus
900 961 1132 1018 vulgandis,
1156 978 1210 1004 an
1241 979 1379 1019 operae
1408 966 1590 1020 pretium
1619 965 1677 1007 fe-

171 1045 312 1095 cerim,
334 1059 545 1100 porroque
565 1043 746 1085 facturus
768 1043 861 1093 sim,
884 1042 973 1084 TU
984 1043 1206 1098 judicabis.
1268 1045 1419 1087 Audeo
1434 1054 1573 1088 tamen
1589 1062 1679 1103 spe-

169 1141 277 1176 rare,
301 1125 382 1167 TE
412 1141 498 1167 non
528 1125 715 1166 inutilem
745 1124 853 1165 hanc
886 1132 1044 1179 partem
1082 1125 1232 1167 laboris
1269 1128 1351 1169 mei
1376 1129 1672 1184 judicaturum.

171 1206 207 1247 F
207 1207 329 1248 irmat
349 1207 460 1248 enim
479 1205 627 1247 multas
646 1205 777 1246 bonas
796 1204 1005 1255 lectiones,
1027 1221 1052 1246 a
1073 1207 1240 1248 Clarkio
1261 1209 1470 1263 probataS,
1493 1211 1618 1252 etiam
1652 1229 1675 1255 e

164 1288 424 1329 Barnesiana
444 1286 680 1327 recensione
701 1285 860 1335 ductas,
883 1284 980 1326 facit
1000 1285 1138 1327 locum
1158 1288 1410 1340 melioribus,
1434 1299 1473 1332 et
1486 1292 1674 1347 inprimis

164 1368 322 1408 caeteris
342 1367 455 1408 libris
475 1365 594 1406 editis
614 1364 806 1406 omnibus
826 1366 1056 1407 accuratior
1077 1375 1137 1408 est
1156 1368 1200 1408 in
1221 1370 1443 1422 nonnullis,
1476 1372 1600 1414 veluti
1629 1375 1674 1416 in

164 1466 177 1486 ν
208 1449 444 1500 {venua-7125,
477 1446 520 1486 in
542 1461 625 1502 quo
645 1447 884 1502 usurpando
904 1447 962 1488 ita
999 1448 1157 1490 variant
1176 1449 1269 1491 libri
1290 1453 1444 1503 caeteri,
1467 1462 1513 1495 ut
1532 1454 1576 1495 in
1597 1470 1677 1497 cae-

164 1541 259 1568 sura
278 1526 547 1583 clausulisque
564 1542 754 1569 versuum
772 1535 926 1569 temere
940 1536 981 1569 et
1000 1529 1111 1570 nulla
1132 1539 1245 1573 certa
1263 1532 1367 1590 lege,
1388 1534 1451 1574 vel
1471 1534 1675 1587 additum,

162 1606 224 1647 vel
245 1606 440 1648 omissum
477 1608 543 1659 sit,
565 1607 634 1649 hic
654 1617 791 1650 autem
811 1609 914 1650 liber
934 1610 991 1651 ita
1012 1619 1203 1653 constans
1224 1621 1299 1664 est,
1321 1622 1368 1655 ut
1387 1630 1482 1657 raro
1503 1616 1555 1657 ab
1585 1617 1675 1675 lege

161 1686 358 1737 discedat,
374 1687 427 1728 de
441 1703 523 1744 qua
539 1688 591 1730 ad
607 1689 772 1730 initium
792 1689 1025 1746 rhapsodiae
1037 1692 1185 1746 primae
1206 1693 1309 1745 dixi,
1332 1694 1413 1736 hoc
1435 1704 1508 1747 est,
1526 1705 1574 1738 ut
1588 1712 1675 1740 non

160 1776 331 1823 usurpet
349 1768 449 1810 illud
472 1790 484 1810 ν
504 1769 549 1810 in
571 1785 742 1821 caesura,
765 1785 841 1812 nec
860 1771 905 1811 in
926 1771 1112 1814 clausulis
1133 1789 1340 1826 versuum,
1373 1791 1467 1817 cum
1498 1793 1671 1834 sequens

159 1865 297 1892 versus
310 1866 336 1892 a
347 1860 600 1893 consonante
612 1853 772 1908 incipit,
791 1861 936 1895 contra
951 1869 1112 1910 semper
1125 1855 1290 1908 habeat,
1308 1873 1403 1899 cum
1420 1873 1592 1915 sequens
1607 1860 1671 1901 in-

155 1931 256 1986 cipit
271 1932 435 1973 avocali
453 1934 489 1972 *ἦ
509 1933 657 1974 Insunt
670 1933 793 1974 etiam
814 1934 892 1975 alia
911 1936 1095 1993 vestigia,
1114 1952 1137 1978 e
1152 1938 1299 1994 quibus
1320 1948 1505 1994 apparet,
1529 1941 1591 1982 vel
1606 1941 1669 1996 ip-

155 2026 246 2057 sum
262 2026 314 2053 ex
326 2013 608 2069 antiquissimo
626 2014 781 2056 Codice
796 2015 983 2067 ductum,
1005 2017 1066 2058 vel
1083 2018 1224 2059 saltem
1239 2020 1441 2061 retinente
1468 2021 1512 2061 in
1532 2021 1670 2064 multis

152 2093 322 2150 vestigia
342 2095 634 2150 antiquissimae
655 2097 824 2138 rationis
855 2098 1075 2150 scribendi,
1097 2100 1219 2141 etiam
1240 2102 1288 2142 iis
1303 2103 1348 2143 in
1362 2103 1476 2154 locis,
1494 2119 1588 2160 quae
1617 2121 1667 2147 eo

151 2174 321 2215 nomine
333 2190 358 2216 a
372 2176 515 2230 priscis
529 2177 822 2220 Grammaticis
839 2187 982 2221 notata
995 2189 1103 2231 sunt,
1119 2190 1166 2223 ut
1180 2182 1224 2222 in
1240 2183 1518 2239 duplicatione
1530 2185 1666 2227 litera-

152 2270 245 2296 rum
261 2256 524 2314 negligenda,
546 2259 589 2299 in
610 2277 624 2295 o
643 2274 721 2314 pro
740 2276 778 2305 ω,
798 2260 842 2300 in
867 2260 884 2292 ἶ
911 2276 990 2316 pro
1005 2281 1022 2303 η
1044 2270 1085 2303 et
1105 2263 1317 2315 similibus,
1336 2265 1389 2306 de
1409 2265 1556 2321 quibus
1574 2281 1666 2308 om-

144 2336 268 2377 nibus
288 2338 465 2392 reperies
485 2339 566 2380 suis
585 2339 684 2381 locis
703 2340 882 2382 breviter
902 2350 1103 2384 notatum.
1166 2345 1305 2401 Atque
1326 2346 1449 2387 etiam
1470 2362 1533 2398 ea,
1564 2363 1659 2404 quae

150 2433 175 2458 a
194 2418 412 2459 recentiori
432 2434 560 2461 manu
581 2422 732 2476 scripta
753 2430 862 2472 sunt,
885 2423 983 2464 inde
1003 2439 1028 2465 a
1047 2424 1270 2481 rhapsodia
1291 2435 1327 2467 Ρ.
1348 2441 1434 2468 11011
1477 2436 1662 2472 contem-

148 2497 297 2540 nenda.
360 2499 501 2549 Quam
520 2501 626 2542 bene
646 2502 815 2557 quidem
836 2506 1098 2546 consentiant
1117 2506 1359 2562 plerumque
1380 2523 1475 2549 cum
1505 2509 1661 2552 Codice

154 2577 358 2631 Vossiano,
381 2588 422 2622 et
442 2581 506 2622 ed.
538 2583 791 2634 Florentina,
814 2585 867 2625 ad
887 2586 940 2626 L.
964 2586 1112 2627 XXII.
1148 2588 1190 2627 in
1212 2588 1405 2641 proximo
1437 2590 1659 2632 Volumine

144 2660 371 2714 apparebit.
437 2663 655 2705 Consentit
675 2665 799 2706 etiam
830 2667 1051 2721 saepissime
1082 2683 1176 2709 cum
1207 2668 1387 2711 editione
1417 2671 1657 2715 florentina

447 2826 463 2843 ἓ
489 2825 570 2857 Haec
584 2827 668 2858 conf.
680 2838 755 2860 cum
771 2835 834 2860 not.
851 2829 891 2860 ad
911 2829 949 2860 11.
966 2830 1003 2861 α’.
1019 2840 1089 2872 quae
1105 2830 1178 2861 hinc
1195 2819 1355 2871 explenda.
