<?xml version="1.0" encoding="UTF-8"?>
<!DOCTYPE html PUBLIC "-//W3C//DTD XHTML 1.0 Transitional//EN"
    "http://www.w3.org/TR/xhtml1/DTD/xhtml1-transitional.dtd">
<html xmlns="http://www.w3.org/1999/xhtml" xml:lang="en" lang="en">
 <head>
  <title>
</title>
<meta http-equiv="Content-Type" content="text/html;charset=utf-8" />
  <meta name='ocr-system' content='tesseract 3.04.00' />
  <meta name='ocr-capabilities' content='ocr_page ocr_carea ocr_par ocr_line ocrx_word'/>
</head>
<body>
  <div class='ocr_page' id='page_1' title='image "./operaomnia01home_0091.png"; bbox 0 0 1820 3158; ppageno 0'>
   <div class='ocr_carea' id='block_1_1' title="bbox 603 192 1025 243">
    <p class='ocr_par' dir='ltr' id='par_1_1' title="bbox 603 192 1025 243">
     <span class='ocr_line' id='line_1_1' title="bbox 603 192 1025 243; baseline -0.012 -2"><span class='ocrx_word' id='word_1_1' title='bbox 603 192 907 243; x_wconf 83' lang='grc' dir='ltr'><strong>ἸΛΙΑΔΟΣ</strong></span> <span class='ocrx_word' id='word_1_2' title='bbox 950 192 1025 240; x_wconf 88' lang='grc' dir='ltr'>Α’.</span> 
     </span>
    </p>
   </div>
   <div class='ocr_carea' id='block_1_2' title="bbox 721 335 808 353">
    <p class='ocr_par' dir='ltr' id='par_1_2' title="bbox 721 335 808 353">
     <span class='ocr_line' id='line_1_2' title="bbox 721 335 808 353; baseline 0 -1"><span class='ocrx_word' id='word_1_3' title='bbox 721 337 730 352; x_wconf 69' lang='grc' dir='ltr'><em>ἳ</em></span> <span class='ocrx_word' id='word_1_4' title='bbox 786 335 808 353; x_wconf 71' lang='lat' dir='ltr'>‘l</span> 
     </span>
    </p>
   </div>
   <div class='ocr_carea' id='block_1_3' title="bbox 232 337 484 389">
    <p class='ocr_par' dir='ltr' id='par_1_3' title="bbox 232 337 484 389">
     <span class='ocr_line' id='line_1_3' title="bbox 232 337 484 389; baseline -0.012 0"><span class='ocrx_word' id='word_1_5' title='bbox 232 337 344 389; x_wconf 79' lang='grc' dir='ltr'>Οὐδ’</span> <span class='ocrx_word' id='word_1_6' title='bbox 369 338 484 386; x_wconf 62' lang='grc' dir='ltr'><em>ὄιν-ελ</em></span> 
     </span>
    </p>
   </div>
   <div class='ocr_carea' id='block_1_4' title="bbox 1498 195 1565 247">
    <p class='ocr_par' dir='ltr' id='par_1_4' title="bbox 1498 195 1565 247">
     <span class='ocr_line' id='line_1_4' title="bbox 1498 195 1565 247; baseline 0.015 -1"><span class='ocrx_word' id='word_1_7' title='bbox 1498 195 1565 247; x_wconf 88' lang='lat'>57</span> 
     </span>
    </p>
   </div>
   <div class='ocr_carea' id='block_1_5' title="bbox 490 333 1491 409">
    <p class='ocr_par' dir='ltr' id='par_1_5' title="bbox 490 333 1491 409">
     <span class='ocr_line' id='line_1_5' title="bbox 490 333 1491 409; baseline 0.004 -23"><span class='ocrx_word' id='word_1_8' title='bbox 490 333 658 393; x_wconf 74' lang='grc' dir='ltr'><em>εὖτητόν</em></span> <span class='ocrx_word' id='word_1_9' title='bbox 687 360 749 401; x_wconf 71' lang='lat' dir='ltr'>y,</span> <span class='ocrx_word' id='word_1_10' title='bbox 777 361 815 394; x_wconf 89' lang='lat' dir='ltr'>o,</span> <span class='ocrx_word' id='word_1_11' title='bbox 844 360 885 388; x_wconf 75' lang='grc' dir='ltr'>τι</span> <span class='ocrx_word' id='word_1_12' title='bbox 914 359 984 388; x_wconf 83' lang='grc' dir='ltr'>κεν</span> <span class='ocrx_word' id='word_1_13' title='bbox 1010 339 1194 409; x_wconf 77' lang='grc' dir='ltr'><em>κεφαλῆ</em></span> <span class='ocrx_word' id='word_1_14' title='bbox 1219 338 1491 390; x_wconf 73' lang='grc' dir='ltr'><em>κατανεύσω.</em></span> 
     </span>
    </p>
   </div>
   <div class='ocr_carea' id='block_1_6' title="bbox 82 409 1564 630">
    <p class='ocr_par' dir='ltr' id='par_1_6' title="bbox 82 409 1564 630">
     <span class='ocr_line' id='line_1_6' title="bbox 290 409 1389 503; baseline 0.003 -44.071"><span class='ocrx_word' id='word_1_15' title='bbox 290 409 380 466; x_wconf 92' lang='lat' dir='ltr'>H,</span> <span class='ocrx_word' id='word_1_16' title='bbox 407 410 486 460; x_wconf 78' lang='grc' dir='ltr'>καὶ</span> <span class='ocrx_word' id='word_1_17' title='bbox 514 409 737 501; x_wconf 74' lang='grc' dir='ltr'><em>κυανέῃσιν</em></span> <span class='ocrx_word' id='word_1_18' title='bbox 765 410 827 461; x_wconf 71' lang='grc' dir='ltr'>ἐπ’</span> <span class='ocrx_word' id='word_1_19' title='bbox 857 410 1010 483; x_wconf 57' lang='lat' dir='ltr'>avebat</span> <span class='ocrx_word' id='word_1_20' title='bbox 1040 412 1155 463; x_wconf 74' lang='grc' dir='ltr'><em>νεῦσε</em></span> <span class='ocrx_word' id='word_1_21' title='bbox 1197 411 1389 503; x_wconf 55' lang='grc' dir='ltr'><em>Κρονίων·</em></span> 
     </span>
     <span class='ocr_line' id='line_1_7' title="bbox 229 482 1457 557; baseline 0.002 -23.035"><span class='ocrx_word' id='word_1_22' title='bbox 229 483 514 555; x_wconf 66' lang='grc' dir='ltr'><em>Ἀμβξόσιαι</em></span> <span class='ocrx_word' id='word_1_23' title='bbox 543 482 580 535; x_wconf 75' lang='grc' dir='ltr'>δ’</span> <span class='ocrx_word' id='word_1_24' title='bbox 607 482 701 556; x_wconf 71' lang='grc' dir='ltr'>α’ξα</span> <span class='ocrx_word' id='word_1_25' title='bbox 726 490 896 554; x_wconf 69' lang='grc' dir='ltr'><em>χαῖται</em></span> <span class='ocrx_word' id='word_1_26' title='bbox 925 485 1221 557; x_wconf 75' lang='grc' dir='ltr'><em>ἐπερῥῶσαντο</em></span> <span class='ocrx_word' id='word_1_27' title='bbox 1248 483 1457 545; x_wconf 62' lang='lat' dir='ltr'>dumea-05,</span> 
     </span>
     <span class='ocr_line' id='line_1_8' title="bbox 82 556 1564 630; baseline 0.001 -19"><span class='ocrx_word' id='word_1_28' title='bbox 82 561 189 611; x_wconf 83' lang='lat'>530</span> <span class='ocrx_word' id='word_1_29' title='bbox 227 556 402 628; x_wconf 73' lang='grc' dir='ltr'><em>Κοατδς</em></span> <span class='ocrx_word' id='word_1_30' title='bbox 429 556 512 608; x_wconf 66' lang='lat' dir='ltr'>clas-⁷</span> <span class='ocrx_word' id='word_1_31' title='bbox 542 560 812 611; x_wconf 55' lang='grc' dir='ltr'><em>ἀθανάτοιο·</em></span> <span class='ocrx_word' id='word_1_32' title='bbox 840 559 1055 629; x_wconf 73' lang='grc' dir='ltr'><em>μεγανδ’</em></span> <span class='ocrx_word' id='word_1_33' title='bbox 1086 561 1312 622; x_wconf 73' lang='grc' dir='ltr'>ἒλὲλιξεν’</span> <span class='ocrx_word' id='word_1_34' title='bbox 1311 559 1564 630; x_wconf 70' lang='grc' dir='ltr'>Ὄλυμπον.</span> 
     </span>
    </p>
   </div>
   <div class='ocr_carea' id='block_1_7' title="bbox 226 631 1072 723">
    <p class='ocr_par' dir='ltr' id='par_1_7' title="bbox 226 631 1072 723">
     <span class='ocr_line' id='line_1_9' title="bbox 226 631 1072 723; baseline 0.006 -42"><span class='ocrx_word' id='word_1_35' title='bbox 226 631 306 682; x_wconf 86' lang='grc' dir='ltr'>Τω</span> <span class='ocrx_word' id='word_1_36' title='bbox 328 633 420 696; x_wconf 74' lang='grc' dir='ltr'>γ’</span> <span class='ocrx_word' id='word_1_37' title='bbox 399 657 452 690; x_wconf 84' lang='grc' dir='ltr'>ως</span> <span class='ocrx_word' id='word_1_38' title='bbox 479 631 785 694; x_wconf 72' lang='grc' dir='ltr'><em>βουλεύσαντε</em></span> <span class='ocrx_word' id='word_1_39' title='bbox 814 633 1072 723; x_wconf 45' lang='grc' dir='ltr'><em>ὂιέτμῖαγεν·</em></span> 
     </span>
    </p>
   </div>
   <div class='ocr_carea' id='block_1_8' title="bbox 1153 633 1463 704">
    <p class='ocr_par' dir='ltr' id='par_1_8' title="bbox 1153 633 1463 704">
     <span class='ocr_line' id='line_1_10' title="bbox 1153 633 1463 704; baseline 0 -18"><span class='ocrx_word' id='word_1_40' title='bbox 1153 637 1175 694; x_wconf 76' lang='grc' dir='ltr'><em>ἦ</em></span> <span class='ocrx_word' id='word_1_41' title='bbox 1201 633 1328 704; x_wconf 69' lang='grc' dir='ltr'>μέν”</span> <span class='ocrx_word' id='word_1_42' title='bbox 1310 658 1463 687; x_wconf 76' lang='grc' dir='ltr'><em>επειτα</em></span> 
     </span>
    </p>
   </div>
   <div class='ocr_carea' id='block_1_9' title="bbox 224 703 1519 777">
    <p class='ocr_par' dir='ltr' id='par_1_9' title="bbox 224 703 1519 777">
     <span class='ocr_line' id='line_1_11' title="bbox 224 703 1519 777; baseline 0.003 -20"><span class='ocrx_word' id='word_1_43' title='bbox 224 708 305 764; x_wconf 83' lang='grc' dir='ltr'>Εἷς</span> <span class='ocrx_word' id='word_1_44' title='bbox 333 705 436 758; x_wconf 66' lang='lat' dir='ltr'>olm</span> <span class='ocrx_word' id='word_1_45' title='bbox 463 703 582 758; x_wconf 72' lang='grc' dir='ltr'><strong>οἷλτο</strong></span> <span class='ocrx_word' id='word_1_46' title='bbox 607 707 830 770; x_wconf 59' lang='grc' dir='ltr'><em>βαθεῖαν,</em></span> <span class='ocrx_word' id='word_1_47' title='bbox 859 709 936 758; x_wconf 74' lang='grc' dir='ltr'>απ’</span> <span class='ocrx_word' id='word_1_48' title='bbox 966 709 1226 773; x_wconf 73' lang='grc' dir='ltr'><em>αι’γλῆεντος</em></span> <span class='ocrx_word' id='word_1_49' title='bbox 1253 709 1519 777; x_wconf 75' lang='grc' dir='ltr'>Ὀλύμπου·</span> 
     </span>
    </p>
   </div>
   <div class='ocr_carea' id='block_1_10' title="bbox 229 778 807 851">
    <p class='ocr_par' dir='ltr' id='par_1_10' title="bbox 229 778 807 851">
     <span class='ocr_line' id='line_1_12' title="bbox 229 778 807 851; baseline 0 -20"><span class='ocrx_word' id='word_1_50' title='bbox 229 778 338 838; x_wconf 86' lang='grc' dir='ltr'><em>Ζευς</em></span> <span class='ocrx_word' id='word_1_51' title='bbox 368 780 452 832; x_wconf 73' lang='grc' dir='ltr'>δε</span> <span class='ocrx_word' id='word_1_52' title='bbox 441 804 502 831; x_wconf 87' lang='grc' dir='ltr'>εον</span> <span class='ocrx_word' id='word_1_53' title='bbox 530 804 635 851; x_wconf 67' lang='grc' dir='ltr'><em>πξος</em></span> <span class='ocrx_word' id='word_1_54' title='bbox 665 781 807 848; x_wconf 55' lang='lat' dir='ltr'>dileat.</span> 
     </span>
    </p>
   </div>
   <div class='ocr_carea' id='block_1_11' title="bbox 867 782 1570 852">
    <p class='ocr_par' dir='ltr' id='par_1_11' title="bbox 867 782 1570 852">
     <span class='ocr_line' id='line_1_13' title="bbox 867 782 1570 852; baseline 0.006 -20"><span class='ocrx_word' id='word_1_55' title='bbox 867 783 973 833; x_wconf 72' lang='grc' dir='ltr'><em>Θεοὶ</em></span> <span class='ocrx_word' id='word_1_56' title='bbox 998 782 1033 834; x_wconf 73' lang='grc' dir='ltr'>δ’</span> <span class='ocrx_word' id='word_1_57' title='bbox 1063 782 1172 852; x_wconf 72' lang='grc' dir='ltr'>ἅμα</span> <span class='ocrx_word' id='word_1_58' title='bbox 1199 806 1357 841; x_wconf 76' lang='grc' dir='ltr'><em>παντες</em></span> <span class='ocrx_word' id='word_1_59' title='bbox 1382 808 1570 836; x_wconf 74' lang='grc' dir='ltr'><em>ανεσταν</em></span> 
     </span>
    </p>
   </div>
   <div class='ocr_carea' id='block_1_12' title="bbox 224 853 1389 926">
    <p class='ocr_par' dir='ltr' id='par_1_12' title="bbox 224 853 1389 926">
     <span class='ocr_line' id='line_1_14' title="bbox 224 853 1389 926; baseline 0.004 -21"><span class='ocrx_word' id='word_1_60' title='bbox 224 854 308 915; x_wconf 76' lang='grc' dir='ltr'>Ἐξ</span> <span class='ocrx_word' id='word_1_61' title='bbox 335 855 470 912; x_wconf 72' lang='grc' dir='ltr'><em>ἑδέων,</em></span> <span class='ocrx_word' id='word_1_62' title='bbox 498 856 612 920; x_wconf 77' lang='grc' dir='ltr'>σφοῦ</span> <span class='ocrx_word' id='word_1_63' title='bbox 638 853 803 926; x_wconf 71' lang='grc' dir='ltr'><em>πατξός</em></span> <span class='ocrx_word' id='word_1_64' title='bbox 833 855 1030 907; x_wconf 73' lang='grc' dir='ltr'><em>ἐναντίον·</em></span> <span class='ocrx_word' id='word_1_65' title='bbox 1059 856 1155 909; x_wconf 73' lang='grc' dir='ltr'>οὐδέ</span> <span class='ocrx_word' id='word_1_66' title='bbox 1184 880 1249 916; x_wconf 74' lang='grc' dir='ltr'>τις</span> <span class='ocrx_word' id='word_1_67' title='bbox 1280 856 1389 916; x_wconf 59' lang='lat' dir='ltr'>’lemn</span> 
     </span>
    </p>
   </div>
   <div class='ocr_carea' id='block_1_13' title="bbox 147 998 1573 1363">
    <p class='ocr_par' dir='ltr' id='par_1_13' title="bbox 147 998 1573 1363">
     <span class='ocr_line' id='line_1_15' title="bbox 230 998 1080 1040; baseline 0.001 -10"><span class='ocrx_word' id='word_1_68' title='bbox 230 1004 248 1018; x_wconf 77' lang='lat'>‘⁴</span> <span class='ocrx_word' id='word_1_69' title='bbox 263 999 374 1040; x_wconf 85' lang='lat' dir='ltr'><strong>Neque</strong></span> <span class='ocrx_word' id='word_1_70' title='bbox 388 998 548 1035; x_wconf 87' lang='lat' dir='ltr'>infectum,</span> <span class='ocrx_word' id='word_1_71' title='bbox 573 998 782 1040; x_wconf 88' lang='lat' dir='ltr'>quodcunque</span> <span class='ocrx_word' id='word_1_72' title='bbox 797 999 895 1039; x_wconf 82' lang='lat' dir='ltr'>capite</span> <span class='ocrx_word' id='word_1_73' title='bbox 909 1000 1080 1031; x_wconf 56' lang='lat' dir='ltr'>annuero?</span> 
     </span>
     <span class='ocr_line' id='line_1_16' title="bbox 272 1053 1041 1094; baseline 0.003 -11"><span class='ocrx_word' id='word_1_74' title='bbox 272 1053 371 1088; x_wconf 80' lang='lat' dir='ltr'>Dixit,</span> <span class='ocrx_word' id='word_1_75' title='bbox 389 1059 419 1084; x_wconf 88' lang='lat' dir='ltr'>et</span> <span class='ocrx_word' id='word_1_76' title='bbox 434 1054 533 1094; x_wconf 88' lang='lat' dir='ltr'>nigris</span> <span class='ocrx_word' id='word_1_77' title='bbox 547 1054 719 1094; x_wconf 86' lang='lat' dir='ltr'><strong>superciliis</strong></span> <span class='ocrx_word' id='word_1_78' title='bbox 733 1055 844 1084; x_wconf 86' lang='lat' dir='ltr'>annuit</span> <span class='ocrx_word' id='word_1_79' title='bbox 860 1055 1041 1086; x_wconf 81' lang='lat' dir='ltr'>Saturnius:</span> 
     </span>
     <span class='ocr_line' id='line_1_17' title="bbox 231 1106 963 1149; baseline 0.003 -12"><span class='ocrx_word' id='word_1_80' title='bbox 231 1106 406 1138; x_wconf 81' lang='lat' dir='ltr'>Ambrosiae</span> <span class='ocrx_word' id='word_1_81' title='bbox 420 1118 493 1138; x_wconf 90' lang='lat' dir='ltr'>vero</span> <span class='ocrx_word' id='word_1_82' title='bbox 507 1118 605 1138; x_wconf 81' lang='lat' dir='ltr'>comae</span> <span class='ocrx_word' id='word_1_83' title='bbox 620 1118 777 1139; x_wconf 81' lang='lat' dir='ltr'>concussae</span> <span class='ocrx_word' id='word_1_84' title='bbox 792 1114 865 1138; x_wconf 86' lang='lat' dir='ltr'>sunt</span> <span class='ocrx_word' id='word_1_85' title='bbox 880 1109 963 1149; x_wconf 83' lang='lat' dir='ltr'>regis</span> 
     </span>
     <span class='ocr_line' id='line_1_18' title="bbox 147 1162 1191 1203; baseline 0.003 -11"><span class='ocrx_word' id='word_1_86' title='bbox 147 1164 208 1192; x_wconf 80' lang='lat'>530</span> <span class='ocrx_word' id='word_1_87' title='bbox 227 1162 256 1191; x_wconf 92' lang='lat' dir='ltr'>A</span> <span class='ocrx_word' id='word_1_88' title='bbox 273 1162 371 1201; x_wconf 86' lang='lat' dir='ltr'>capite</span> <span class='ocrx_word' id='word_1_89' title='bbox 386 1162 576 1200; x_wconf 81' lang='lat' dir='ltr'>immortali3</span> <span class='ocrx_word' id='word_1_90' title='bbox 600 1173 636 1193; x_wconf 86' lang='lat' dir='ltr'>ac</span> <span class='ocrx_word' id='word_1_91' title='bbox 651 1173 805 1203; x_wconf 87' lang='lat' dir='ltr'>magnum</span> <span class='ocrx_word' id='word_1_92' title='bbox 819 1163 993 1194; x_wconf 85' lang='lat' dir='ltr'><strong>tremefecit</strong></span> <span class='ocrx_word' id='word_1_93' title='bbox 1009 1163 1191 1203; x_wconf 89' lang='lat' dir='ltr'><strong>Olympum.</strong></span> 
     </span>
     <span class='ocr_line' id='line_1_19' title="bbox 228 1216 1297 1258; baseline 0.003 -13"><span class='ocrx_word' id='word_1_94' title='bbox 228 1216 282 1246; x_wconf 85' lang='lat' dir='ltr'>Illi</span> <span class='ocrx_word' id='word_1_95' title='bbox 298 1216 420 1257; x_wconf 87' lang='lat' dir='ltr'>utrique</span> <span class='ocrx_word' id='word_1_96' title='bbox 434 1227 467 1247; x_wconf 89' lang='lat' dir='ltr'>re</span> <span class='ocrx_word' id='word_1_97' title='bbox 482 1216 524 1246; x_wconf 86' lang='lat' dir='ltr'>sic</span> <span class='ocrx_word' id='word_1_98' title='bbox 535 1216 705 1248; x_wconf 80' lang='lat' dir='ltr'>deliberata</span> <span class='ocrx_word' id='word_1_99' title='bbox 718 1217 938 1249; x_wconf 83' lang='lat' dir='ltr'>discesserunt:</span> <span class='ocrx_word' id='word_1_100' title='bbox 963 1219 1030 1247; x_wconf 89' lang='lat' dir='ltr'>haec</span> <span class='ocrx_word' id='word_1_101' title='bbox 1041 1218 1168 1258; x_wconf 87' lang='lat' dir='ltr'>quidem</span> <span class='ocrx_word' id='word_1_102' title='bbox 1184 1216 1297 1248; x_wconf 85' lang='lat' dir='ltr'>deinde</span> 
     </span>
     <span class='ocr_line' id='line_1_20' title="bbox 231 1270 1090 1311; baseline 0.001 -11"><span class='ocrx_word' id='word_1_103' title='bbox 231 1270 273 1300; x_wconf 90' lang='lat' dir='ltr'>In</span> <span class='ocrx_word' id='word_1_104' title='bbox 290 1280 375 1300; x_wconf 82' lang='lat' dir='ltr'>mare</span> <span class='ocrx_word' id='word_1_105' title='bbox 390 1270 503 1301; x_wconf 86' lang='lat' dir='ltr'>desiliit</span> <span class='ocrx_word' id='word_1_106' title='bbox 517 1271 710 1310; x_wconf 85' lang='lat' dir='ltr'>profundum</span> <span class='ocrx_word' id='word_1_107' title='bbox 724 1281 741 1301; x_wconf 89' lang='lat' dir='ltr'>e</span> <span class='ocrx_word' id='word_1_108' title='bbox 756 1271 919 1310; x_wconf 85' lang='lat' dir='ltr'>splendido</span> <span class='ocrx_word' id='word_1_109' title='bbox 937 1272 1073 1311; x_wconf 92' lang='lat' dir='ltr'>Olympo</span> <span class='ocrx_word' id='word_1_110' title='bbox 1079 1283 1090 1309; x_wconf 87' lang='lat'>;</span> 
     </span>
     <span class='ocr_line' id='line_1_21' title="bbox 231 1324 1573 1363; baseline 0 -8"><span class='ocrx_word' id='word_1_111' title='bbox 231 1324 358 1363; x_wconf 85' lang='lat' dir='ltr'><strong>Jupiter</strong></span> <span class='ocrx_word' id='word_1_112' title='bbox 371 1330 477 1354; x_wconf 83' lang='lat' dir='ltr'>autem</span> <span class='ocrx_word' id='word_1_113' title='bbox 491 1327 584 1355; x_wconf 79' lang='lat' dir='ltr'>rediit</span> <span class='ocrx_word' id='word_1_114' title='bbox 599 1325 632 1354; x_wconf 90' lang='lat' dir='ltr'>in</span> <span class='ocrx_word' id='word_1_115' title='bbox 654 1336 748 1355; x_wconf 87' lang='lat' dir='ltr'>suum</span> <span class='ocrx_word' id='word_1_116' title='bbox 762 1325 902 1356; x_wconf 84' lang='lat' dir='ltr'>domum.</span> <span class='ocrx_word' id='word_1_117' title='bbox 946 1326 1003 1355; x_wconf 84' lang='lat' dir='ltr'>Dii</span> <span class='ocrx_word' id='word_1_118' title='bbox 1018 1335 1089 1355; x_wconf 88' lang='lat' dir='ltr'>vero</span> <span class='ocrx_word' id='word_1_119' title='bbox 1104 1325 1200 1356; x_wconf 87' lang='lat' dir='ltr'>simul</span> <span class='ocrx_word' id='word_1_120' title='bbox 1215 1336 1324 1356; x_wconf 88' lang='lat' dir='ltr'>omnes</span> <span class='ocrx_word' id='word_1_121' title='bbox 1337 1331 1573 1357; x_wconf 77' lang='lat' dir='ltr'>assurrexerunt</span> 
     </span>
    </p>
   </div>
   <div class='ocr_carea' id='block_1_14' title="bbox 232 1377 1317 1419">
    <p class='ocr_par' dir='ltr' id='par_1_14' title="bbox 232 1377 1317 1419">
     <span class='ocr_line' id='line_1_22' title="bbox 232 1377 1317 1419; baseline 0.002 -11"><span class='ocrx_word' id='word_1_122' title='bbox 232 1377 283 1408; x_wconf 83' lang='lat' dir='ltr'>Ex</span> <span class='ocrx_word' id='word_1_123' title='bbox 298 1378 433 1417; x_wconf 80' lang='lat' dir='ltr'>sedibus,</span> <span class='ocrx_word' id='word_1_124' title='bbox 447 1379 496 1409; x_wconf 90' lang='lat' dir='ltr'>sui</span> <span class='ocrx_word' id='word_1_125' title='bbox 511 1379 606 1418; x_wconf 87' lang='lat' dir='ltr'>patris</span> <span class='ocrx_word' id='word_1_126' title='bbox 619 1379 652 1408; x_wconf 89' lang='lat' dir='ltr'>in</span> <span class='ocrx_word' id='word_1_127' title='bbox 669 1389 848 1410; x_wconf 85' lang='lat' dir='ltr'>occursum:</span> <span class='ocrx_word' id='word_1_128' title='bbox 867 1390 968 1419; x_wconf 81' lang='lat' dir='ltr'>neque</span> <span class='ocrx_word' id='word_1_129' title='bbox 982 1379 1147 1419; x_wconf 87' lang='lat' dir='ltr'>quisquam</span> <span class='ocrx_word' id='word_1_130' title='bbox 1169 1380 1317 1410; x_wconf 83' lang='lat' dir='ltr'>sustinuit</span> 
     </span>
    </p>
   </div>
   <div class='ocr_carea' id='block_1_15' title="bbox 273 1468 1152 1510">
    <p class='ocr_par' dir='ltr' id='par_1_15' title="bbox 273 1468 1152 1510">
     <span class='ocr_line' id='line_1_23' title="bbox 273 1468 1152 1510; baseline 0.001 -10"><span class='ocrx_word' id='word_1_131' title='bbox 273 1471 334 1500; x_wconf 82' lang='lat'>527</span> <span class='ocrx_word' id='word_1_132' title='bbox 358 1471 389 1509; x_wconf 73' lang='grc' dir='ltr'>γ’</span> <span class='ocrx_word' id='word_1_133' title='bbox 403 1468 553 1500; x_wconf 84' lang='lat' dir='ltr'>omittunt</span> <span class='ocrx_word' id='word_1_134' title='bbox 569 1469 640 1500; x_wconf 90' lang='lat' dir='ltr'>MS.</span> <span class='ocrx_word' id='word_1_135' title='bbox 651 1476 681 1500; x_wconf 87' lang='lat' dir='ltr'>et</span> <span class='ocrx_word' id='word_1_136' title='bbox 696 1469 742 1501; x_wconf 85' lang='lat' dir='ltr'>ed.</span> <span class='ocrx_word' id='word_1_137' title='bbox 758 1470 807 1501; x_wconf 85' lang='lat' dir='ltr'>Fl.</span> <span class='ocrx_word' id='word_1_138' title='bbox 825 1471 934 1510; x_wconf 84' lang='lat' dir='ltr'>placet.</span> <span class='ocrx_word' id='word_1_139' title='bbox 950 1470 1010 1501; x_wconf 86' lang='lat' dir='ltr'>vid.</span> <span class='ocrx_word' id='word_1_140' title='bbox 1025 1470 1066 1501; x_wconf 84' lang='lat' dir='ltr'>ad</span> <span class='ocrx_word' id='word_1_141' title='bbox 1080 1474 1152 1502; x_wconf 88' lang='lat'>491.</span> 
     </span>
    </p>
   </div>
   <div class='ocr_carea' id='block_1_16' title="bbox 1198 1470 1561 1514">
    <p class='ocr_par' dir='ltr' id='par_1_16' title="bbox 1198 1470 1561 1514">
     <span class='ocr_line' id='line_1_24' title="bbox 1198 1470 1561 1514; baseline 0 -13"><span class='ocrx_word' id='word_1_142' title='bbox 1198 1473 1256 1502; x_wconf 84' lang='lat'>551</span> <span class='ocrx_word' id='word_1_143' title='bbox 1284 1470 1452 1514; x_wconf 68' lang='grc' dir='ltr'>διέτμαγεν]</span> <span class='ocrx_word' id='word_1_144' title='bbox 1469 1472 1508 1502; x_wconf 90' lang='grc' dir='ltr'>Α.</span> <span class='ocrx_word' id='word_1_145' title='bbox 1531 1474 1561 1501; x_wconf 74' lang='grc'>2.</span> 
     </span>
    </p>
   </div>
   <div class='ocr_carea' id='block_1_17' title="bbox 330 1524 1260 1557">
    <p class='ocr_par' dir='ltr' id='par_1_17' title="bbox 330 1524 1260 1557">
     <span class='ocr_line' id='line_1_25' title="bbox 330 1524 1260 1557; baseline 0.003 -4"><span class='ocrx_word' id='word_1_146' title='bbox 330 1527 360 1554; x_wconf 83' lang='grc'>5.</span> <span class='ocrx_word' id='word_1_147' title='bbox 377 1524 472 1554; x_wconf 88' lang='lat' dir='ltr'>Rom.</span> <span class='ocrx_word' id='word_1_148' title='bbox 486 1525 507 1556; x_wconf 90' lang='lat' dir='ltr'>J</span> <span class='ocrx_word' id='word_1_149' title='bbox 511 1530 576 1555; x_wconf 89' lang='lat' dir='ltr'>unt.</span> <span class='ocrx_word' id='word_1_150' title='bbox 593 1525 693 1556; x_wconf 88' lang='lat' dir='ltr'>Turn.</span> <span class='ocrx_word' id='word_1_151' title='bbox 709 1531 766 1556; x_wconf 85' lang='lat' dir='ltr'>etc.</span> <span class='ocrx_word' id='word_1_152' title='bbox 782 1531 813 1556; x_wconf 88' lang='lat' dir='ltr'>et</span> <span class='ocrx_word' id='word_1_153' title='bbox 827 1526 870 1556; x_wconf 83' lang='lat' dir='ltr'>sic</span> <span class='ocrx_word' id='word_1_154' title='bbox 884 1525 1015 1555; x_wconf 78' lang='lat' dir='ltr'>laudant</span> <span class='ocrx_word' id='word_1_155' title='bbox 1029 1532 1100 1556; x_wconf 85' lang='lat' dir='ltr'>vett.</span> <span class='ocrx_word' id='word_1_156' title='bbox 1119 1526 1260 1557; x_wconf 87' lang='lat' dir='ltr'>Gramm.</span> 
     </span>
    </p>
   </div>
   <div class='ocr_carea' id='block_1_18' title="bbox 81 1638 1574 1681">
    <p class='ocr_par' dir='ltr' id='par_1_18' title="bbox 81 1638 1574 1681">
     <span class='ocr_line' id='line_1_26' title="bbox 81 1638 1574 1681; baseline -0.001 -11"><span class='ocrx_word' id='word_1_157' title='bbox 81 1647 111 1671; x_wconf 80' lang='lat' dir='ltr'>et</span> <span class='ocrx_word' id='word_1_158' title='bbox 125 1639 278 1670; x_wconf 87' lang='lat' dir='ltr'>similibus</span> <span class='ocrx_word' id='word_1_159' title='bbox 291 1638 485 1680; x_wconf 85' lang='lat' dir='ltr'>quibusdam,</span> <span class='ocrx_word' id='word_1_160' title='bbox 498 1645 619 1679; x_wconf 82' lang='lat' dir='ltr'>arrepta</span> <span class='ocrx_word' id='word_1_161' title='bbox 633 1640 802 1676; x_wconf 82' lang='lat' dir='ltr'>occasione,</span> <span class='ocrx_word' id='word_1_162' title='bbox 847 1646 900 1676; x_wconf 85' lang='lat' dir='ltr'>est,</span> <span class='ocrx_word' id='word_1_163' title='bbox 916 1642 1028 1681; x_wconf 79' lang='lat' dir='ltr'>sagitta</span> <span class='ocrx_word' id='word_1_164' title='bbox 1041 1642 1216 1676; x_wconf 82' lang='lat' dir='ltr'>sauciatus;</span> <span class='ocrx_word' id='word_1_165' title='bbox 1240 1640 1293 1670; x_wconf 87' lang='lat' dir='ltr'>sed</span> <span class='ocrx_word' id='word_1_166' title='bbox 1318 1641 1489 1679; x_wconf 81' lang='lat' dir='ltr'><em>Imperator</em></span> <span class='ocrx_word' id='word_1_167' title='bbox 1505 1650 1574 1671; x_wconf 84' lang='lat' dir='ltr'>cum</span> 
     </span>
    </p>
   </div>
   <div class='ocr_carea' id='block_1_19' title="bbox 77 1683 1080 1725">
    <p class='ocr_par' dir='ltr' id='par_1_19' title="bbox 77 1683 1080 1725">
     <span class='ocr_line' id='line_1_27' title="bbox 77 1683 1080 1725; baseline -0.001 -11"><span class='ocrx_word' id='word_1_168' title='bbox 77 1685 242 1714; x_wconf 81' lang='lat' dir='ltr'><em>ablativum</em></span> <span class='ocrx_word' id='word_1_169' title='bbox 264 1684 372 1723; x_wconf 88' lang='lat' dir='ltr'>(quem</span> <span class='ocrx_word' id='word_1_170' title='bbox 395 1683 567 1723; x_wconf 83' lang='lat' dir='ltr'>appellant)</span> <span class='ocrx_word' id='word_1_171' title='bbox 592 1685 802 1719; x_wconf 83' lang='lat' dir='ltr'>Instrumenti‚</span> <span class='ocrx_word' id='word_1_172' title='bbox 846 1687 958 1723; x_wconf 81' lang='lat' dir='ltr'>sagitta</span> <span class='ocrx_word' id='word_1_173' title='bbox 975 1686 1080 1725; x_wconf 79' lang='lat' dir='ltr'>infim.</span> 
     </span>
    </p>
   </div>
   <div class='ocr_carea' id='block_1_20' title="bbox 78 1726 808 2752">
    <p class='ocr_par' dir='ltr' id='par_1_20' title="bbox 80 1726 805 1768">
     <span class='ocr_line' id='line_1_28' title="bbox 80 1726 805 1768; baseline 0 -12"><span class='ocrx_word' id='word_1_174' title='bbox 80 1736 153 1756; x_wconf 90' lang='lat' dir='ltr'>cum</span> <span class='ocrx_word' id='word_1_175' title='bbox 167 1726 350 1765; x_wconf 82' lang='lat' dir='ltr'>praesatione</span> <span class='ocrx_word' id='word_1_176' title='bbox 362 1726 459 1768; x_wconf 84' lang='lat' dir='ltr'>[cum]</span> <span class='ocrx_word' id='word_1_177' title='bbox 469 1727 620 1767; x_wconf 82' lang='lat' dir='ltr'>conjungi</span> <span class='ocrx_word' id='word_1_178' title='bbox 633 1737 720 1765; x_wconf 87' lang='lat' dir='ltr'>posse</span> <span class='ocrx_word' id='word_1_179' title='bbox 731 1737 805 1756; x_wconf 85' lang='lat' dir='ltr'>con-</span> 
     </span>
    </p>

    <p class='ocr_par' dir='ltr' id='par_1_21' title="bbox 80 1769 804 1808">
     <span class='ocr_line' id='line_1_29' title="bbox 80 1769 804 1808; baseline 0.001 -10"><span class='ocrx_word' id='word_1_180' title='bbox 80 1769 195 1800; x_wconf 88' lang='lat' dir='ltr'>tendit.</span> <span class='ocrx_word' id='word_1_181' title='bbox 221 1779 302 1803; x_wconf 90' lang='lat' dir='ltr'>cum,</span> <span class='ocrx_word' id='word_1_182' title='bbox 318 1779 336 1798; x_wconf 91' lang='lat' dir='ltr'>e</span> <span class='ocrx_word' id='word_1_183' title='bbox 350 1769 512 1804; x_wconf 84' lang='lat' dir='ltr'>contrario,</span> <span class='ocrx_word' id='word_1_184' title='bbox 526 1779 563 1799; x_wconf 84' lang='lat' dir='ltr'>ex</span> <span class='ocrx_word' id='word_1_185' title='bbox 579 1769 723 1808; x_wconf 80' lang='lat' dir='ltr'>plurimis</span> <span class='ocrx_word' id='word_1_186' title='bbox 738 1780 804 1799; x_wconf 91' lang='lat' dir='ltr'>ma-</span> 
     </span>
    </p>

    <p class='ocr_par' dir='ltr' id='par_1_22' title="bbox 78 1812 808 2410">
     <span class='ocr_line' id='line_1_30' title="bbox 79 1812 808 1853; baseline 0.001 -11"><span class='ocrx_word' id='word_1_187' title='bbox 79 1812 229 1842; x_wconf 80' lang='lat' dir='ltr'>nifestum</span> <span class='ocrx_word' id='word_1_188' title='bbox 240 1812 279 1841; x_wconf 87' lang='lat' dir='ltr'>sit</span> <span class='ocrx_word' id='word_1_189' title='bbox 288 1812 444 1850; x_wconf 79' lang='lat' dir='ltr'>exemplis,</span> <span class='ocrx_word' id='word_1_190' title='bbox 451 1813 709 1850; x_wconf 60' lang='lat' dir='ltr'>praepositionem,</span> <span class='ocrx_word' id='word_1_191' title='bbox 717 1823 735 1842; x_wconf 91' lang='lat' dir='ltr'>a</span> <span class='ocrx_word' id='word_1_192' title='bbox 745 1823 808 1853; x_wconf 82' lang='lat' dir='ltr'>qua</span> 
     </span>
     <span class='ocr_line' id='line_1_31' title="bbox 81 1855 807 1896; baseline 0 -11"><span class='ocrx_word' id='word_1_193' title='bbox 81 1856 275 1896; x_wconf 82' lang='lat' dir='ltr'>(plerumque</span> <span class='ocrx_word' id='word_1_194' title='bbox 288 1858 467 1895; x_wconf 81' lang='lat' dir='ltr'>suppressa)</span> <span class='ocrx_word' id='word_1_195' title='bbox 484 1855 598 1894; x_wconf 85' lang='lat' dir='ltr'>pendet</span> <span class='ocrx_word' id='word_1_196' title='bbox 612 1856 668 1886; x_wconf 83' lang='lat' dir='ltr'>iste</span> <span class='ocrx_word' id='word_1_197' title='bbox 685 1855 807 1886; x_wconf 78' lang='lat' dir='ltr'>Ablati-</span> 
     </span>
     <span class='ocr_line' id='line_1_32' title="bbox 80 1898 807 1938; baseline 0 -11"><span class='ocrx_word' id='word_1_198' title='bbox 80 1908 145 1933; x_wconf 82' lang='lat' dir='ltr'>vus,</span> <span class='ocrx_word' id='word_1_199' title='bbox 162 1898 269 1938; x_wconf 86' lang='lat' dir='ltr'>utique</span> <span class='ocrx_word' id='word_1_200' title='bbox 284 1908 347 1927; x_wconf 91' lang='lat' dir='ltr'>non</span> <span class='ocrx_word' id='word_1_201' title='bbox 363 1908 436 1933; x_wconf 87' lang='lat' dir='ltr'>esse,</span> <span class='ocrx_word' id='word_1_202' title='bbox 461 1909 529 1928; x_wconf 84' lang='lat' dir='ltr'>cum</span> <span class='ocrx_word' id='word_1_203' title='bbox 537 1912 547 1933; x_wconf 84' lang='lat'>‚·</span> <span class='ocrx_word' id='word_1_204' title='bbox 573 1898 634 1933; x_wconf 88' lang='lat' dir='ltr'>sed,</span> <span class='ocrx_word' id='word_1_205' title='bbox 661 1899 707 1929; x_wconf 87' lang='lat' dir='ltr'>ab.</span> <span class='ocrx_word' id='word_1_206' title='bbox 755 1899 807 1929; x_wconf 86' lang='lat' dir='ltr'>Ci-</span> 
     </span>
     <span class='ocr_line' id='line_1_33' title="bbox 80 1940 807 1981; baseline 0 -9"><span class='ocrx_word' id='word_1_207' title='bbox 80 1947 126 1972; x_wconf 76' lang='lat' dir='ltr'>tat</span> <span class='ocrx_word' id='word_1_208' title='bbox 139 1940 204 1980; x_wconf 87' lang='lat' dir='ltr'>ipse</span> <span class='ocrx_word' id='word_1_209' title='bbox 219 1951 256 1970; x_wconf 84' lang='lat' dir='ltr'>ex</span> <span class='ocrx_word' id='word_1_210' title='bbox 276 1941 400 1971; x_wconf 80' lang='lat' dir='ltr'>Ovidio:</span> <span class='ocrx_word' id='word_1_211' title='bbox 427 1946 444 1959; x_wconf 75' lang='lat'>‘⁶</span> <span class='ocrx_word' id='word_1_212' title='bbox 460 1942 589 1972; x_wconf 84' lang='lat' dir='ltr'><em>Pectora</em></span> <span class='ocrx_word' id='word_1_213' title='bbox 605 1959 648 1965; x_wconf 93' lang='lat'>—</span> <span class='ocrx_word' id='word_1_214' title='bbox 662 1942 807 1981; x_wconf 79' lang='lat' dir='ltr'>trajectus</span> 
     </span>
     <span class='ocr_line' id='line_1_34' title="bbox 81 1982 804 2024; baseline 0.001 -10"><span class='ocrx_word' id='word_1_215' title='bbox 81 1990 101 2004; x_wconf 83' lang='lat'>⁴⁴</span> <span class='ocrx_word' id='word_1_216' title='bbox 115 1985 152 2014; x_wconf 85' lang='lat' dir='ltr'>ab</span> <span class='ocrx_word' id='word_1_217' title='bbox 167 1982 266 2019; x_wconf 83' lang='lat' dir='ltr'>ense,&#39;&#39;</span> <span class='ocrx_word' id='word_1_218' title='bbox 282 1984 341 2013; x_wconf 88' lang='lat' dir='ltr'>hoc</span> <span class='ocrx_word' id='word_1_219' title='bbox 356 1990 410 2019; x_wconf 83' lang='lat' dir='ltr'>est,</span> <span class='ocrx_word' id='word_1_220' title='bbox 433 1994 501 2014; x_wconf 84' lang='lat' dir='ltr'>ense</span> <span class='ocrx_word' id='word_1_221' title='bbox 517 1985 678 2024; x_wconf 77' lang='lat' dir='ltr'>trajectus:</span> <span class='ocrx_word' id='word_1_222' title='bbox 707 1990 724 2004; x_wconf 85' lang='lat'>‘⁶</span> <span class='ocrx_word' id='word_1_223' title='bbox 738 1986 804 2015; x_wconf 87' lang='lat' dir='ltr'>De-</span> 
     </span>
     <span class='ocr_line' id='line_1_35' title="bbox 80 2027 804 2068; baseline 0.001 -12"><span class='ocrx_word' id='word_1_224' title='bbox 80 2027 222 2068; x_wconf 83' lang='lat' dir='ltr'>“fendar</span> <span class='ocrx_word' id='word_1_225' title='bbox 237 2027 274 2056; x_wconf 85' lang='lat' dir='ltr'>ab</span> <span class='ocrx_word' id='word_1_226' title='bbox 289 2027 417 2061; x_wconf 86' lang='lat' dir='ltr'>armis,’&#39;</span> <span class='ocrx_word' id='word_1_227' title='bbox 438 2027 497 2056; x_wconf 92' lang='lat' dir='ltr'>hoc</span> <span class='ocrx_word' id='word_1_228' title='bbox 511 2033 564 2061; x_wconf 65' lang='lat' dir='ltr'>est,</span> <span class='ocrx_word' id='word_1_229' title='bbox 590 2029 686 2058; x_wconf 83' lang='lat' dir='ltr'>armis</span> <span class='ocrx_word' id='word_1_230' title='bbox 701 2028 804 2068; x_wconf 66' lang='lat' dir='ltr'>defen-</span> 
     </span>
     <span class='ocr_line' id='line_1_36' title="bbox 79 2070 801 2106; baseline 0 -6"><span class='ocrx_word' id='word_1_231' title='bbox 79 2071 156 2100; x_wconf 83' lang='lat' dir='ltr'>dar:</span> <span class='ocrx_word' id='word_1_232' title='bbox 184 2075 202 2089; x_wconf 94' lang='lat'>“</span> <span class='ocrx_word' id='word_1_233' title='bbox 216 2071 338 2100; x_wconf 83' lang='lat' dir='ltr'><em>Fallere</em></span> <span class='ocrx_word' id='word_1_234' title='bbox 367 2071 404 2099; x_wconf 83' lang='lat' dir='ltr'>ab</span> <span class='ocrx_word' id='word_1_235' title='bbox 433 2076 498 2100; x_wconf 83' lang='lat' dir='ltr'>arte</span> <span class='ocrx_word' id='word_1_236' title='bbox 527 2070 637 2106; x_wconf 83' lang='lat' dir='ltr'>viros‚’&#39;</span> <span class='ocrx_word' id='word_1_237' title='bbox 661 2071 720 2101; x_wconf 90' lang='lat' dir='ltr'>hoc</span> <span class='ocrx_word' id='word_1_238' title='bbox 749 2077 801 2106; x_wconf 85' lang='lat' dir='ltr'>est,</span> 
     </span>
     <span class='ocr_line' id='line_1_37' title="bbox 80 2111 803 2153; baseline 0.003 -11"><span class='ocrx_word' id='word_1_239' title='bbox 80 2118 146 2143; x_wconf 82' lang='lat' dir='ltr'>arte</span> <span class='ocrx_word' id='word_1_240' title='bbox 159 2111 290 2152; x_wconf 83' lang='lat' dir='ltr'>fallere:</span> <span class='ocrx_word' id='word_1_241' title='bbox 326 2112 449 2148; x_wconf 83' lang='lat' dir='ltr'>Quibus</span> <span class='ocrx_word' id='word_1_242' title='bbox 472 2112 559 2147; x_wconf 84' lang='lat' dir='ltr'>adde,</span> <span class='ocrx_word' id='word_1_243' title='bbox 588 2119 605 2132; x_wconf 77' lang='lat'>‘⁶</span> <span class='ocrx_word' id='word_1_244' title='bbox 623 2115 803 2153; x_wconf 83' lang='lat' dir='ltr'>Tunicaque</span> 
     </span>
     <span class='ocr_line' id='line_1_38' title="bbox 81 2155 802 2191; baseline 0.004 -7"><span class='ocrx_word' id='word_1_245' title='bbox 81 2161 99 2175; x_wconf 73' lang='lat'>‘⁴</span> <span class='ocrx_word' id='word_1_246' title='bbox 111 2156 259 2185; x_wconf 76' lang='lat' dir='ltr'>amicitur</span> <span class='ocrx_word' id='word_1_247' title='bbox 274 2156 312 2185; x_wconf 84' lang='lat' dir='ltr'>ab</span> <span class='ocrx_word' id='word_1_248' title='bbox 330 2155 432 2190; x_wconf 84' lang='lat' dir='ltr'>alba‚’&#39;</span> <span class='ocrx_word' id='word_1_249' title='bbox 453 2156 513 2185; x_wconf 87' lang='lat' dir='ltr'>hoc</span> <span class='ocrx_word' id='word_1_250' title='bbox 531 2162 584 2191; x_wconf 85' lang='lat' dir='ltr'>est,</span> <span class='ocrx_word' id='word_1_251' title='bbox 608 2158 676 2186; x_wconf 86' lang='lat' dir='ltr'>alba</span> <span class='ocrx_word' id='word_1_252' title='bbox 695 2159 802 2187; x_wconf 80' lang='lat' dir='ltr'>tunica</span> 
     </span>
     <span class='ocr_line' id='line_1_39' title="bbox 80 2197 804 2238; baseline 0.001 -9"><span class='ocrx_word' id='word_1_253' title='bbox 80 2199 238 2229; x_wconf 76' lang='lat' dir='ltr'>amicitur.</span> <span class='ocrx_word' id='word_1_254' title='bbox 299 2197 381 2233; x_wconf 83' lang='lat' dir='ltr'>Quae</span> <span class='ocrx_word' id='word_1_255' title='bbox 407 2200 439 2228; x_wconf 89' lang='lat' dir='ltr'>in</span> <span class='ocrx_word' id='word_1_256' title='bbox 466 2200 593 2229; x_wconf 83' lang='lat' dir='ltr'>alteram</span> <span class='ocrx_word' id='word_1_257' title='bbox 615 2206 735 2238; x_wconf 85' lang='lat' dir='ltr'>partem</span> <span class='ocrx_word' id='word_1_258' title='bbox 752 2210 804 2229; x_wconf 80' lang='lat' dir='ltr'>ex-</span> 
     </span>
     <span class='ocr_line' id='line_1_40' title="bbox 79 2239 807 2280; baseline 0.001 -9"><span class='ocrx_word' id='word_1_259' title='bbox 79 2240 185 2280; x_wconf 85' lang='lat' dir='ltr'>empla</span> <span class='ocrx_word' id='word_1_260' title='bbox 198 2239 329 2271; x_wconf 82' lang='lat' dir='ltr'>adduxit</span> <span class='ocrx_word' id='word_1_261' title='bbox 354 2243 503 2275; x_wconf 77' lang='lat' dir='ltr'>Sanctius,</span> <span class='ocrx_word' id='word_1_262' title='bbox 528 2241 695 2272; x_wconf 82' lang='lat' dir='ltr'>inseruitve</span> <span class='ocrx_word' id='word_1_263' title='bbox 719 2242 807 2273; x_wconf 87' lang='lat' dir='ltr'>dein-</span> 
     </span>
     <span class='ocr_line' id='line_1_41' title="bbox 78 2283 805 2323; baseline 0.003 -9"><span class='ocrx_word' id='word_1_264' title='bbox 78 2293 151 2323; x_wconf 83' lang='lat' dir='ltr'>ceps</span> <span class='ocrx_word' id='word_1_265' title='bbox 157 2285 323 2323; x_wconf 77' lang='lat' dir='ltr'>Scioppius,</span> <span class='ocrx_word' id='word_1_266' title='bbox 337 2283 384 2313; x_wconf 88' lang='lat' dir='ltr'>vel</span> <span class='ocrx_word' id='word_1_267' title='bbox 393 2283 427 2313; x_wconf 90' lang='lat' dir='ltr'>in</span> <span class='ocrx_word' id='word_1_268' title='bbox 438 2284 530 2313; x_wconf 86' lang='lat' dir='ltr'>Notis</span> <span class='ocrx_word' id='word_1_269' title='bbox 540 2285 605 2314; x_wconf 83' lang='lat' dir='ltr'>suis</span> <span class='ocrx_word' id='word_1_270' title='bbox 613 2285 742 2315; x_wconf 84' lang='lat' dir='ltr'>tandem</span> <span class='ocrx_word' id='word_1_271' title='bbox 751 2285 805 2316; x_wconf 85' lang='lat' dir='ltr'>ad-</span> 
     </span>
     <span class='ocr_line' id='line_1_42' title="bbox 79 2326 804 2367; baseline -0.001 -8"><span class='ocrx_word' id='word_1_272' title='bbox 79 2326 160 2359; x_wconf 83' lang='lat' dir='ltr'>didit</span> <span class='ocrx_word' id='word_1_273' title='bbox 171 2328 361 2362; x_wconf 81' lang='lat' dir='ltr'>Perizonius,</span> <span class='ocrx_word' id='word_1_274' title='bbox 372 2337 482 2356; x_wconf 86' lang='lat' dir='ltr'>eorum</span> <span class='ocrx_word' id='word_1_275' title='bbox 491 2328 636 2357; x_wconf 87' lang='lat' dir='ltr'>omnium</span> <span class='ocrx_word' id='word_1_276' title='bbox 647 2329 804 2367; x_wconf 86' lang='lat' dir='ltr'>exemplo-</span> 
     </span>
     <span class='ocr_line' id='line_1_43' title="bbox 78 2369 805 2410; baseline 0.004 -11"><span class='ocrx_word' id='word_1_277' title='bbox 78 2379 160 2404; x_wconf 82' lang='lat' dir='ltr'>rum,</span> <span class='ocrx_word' id='word_1_278' title='bbox 172 2379 213 2399; x_wconf 84' lang='lat' dir='ltr'>ne</span> <span class='ocrx_word' id='word_1_279' title='bbox 224 2379 326 2400; x_wconf 88' lang='lat' dir='ltr'>unum</span> <span class='ocrx_word' id='word_1_280' title='bbox 336 2369 463 2410; x_wconf 89' lang='lat' dir='ltr'>quidem</span> <span class='ocrx_word' id='word_1_281' title='bbox 472 2380 538 2400; x_wconf 87' lang='lat' dir='ltr'>rem</span> <span class='ocrx_word' id='word_1_282' title='bbox 547 2371 682 2410; x_wconf 81' lang='lat' dir='ltr'>attingit.</span> <span class='ocrx_word' id='word_1_283' title='bbox 707 2377 724 2391; x_wconf 82' lang='lat'>‘⁶</span> <span class='ocrx_word' id='word_1_284' title='bbox 738 2374 805 2402; x_wconf 81' lang='lat' dir='ltr'>Ca:-</span> 
     </span>
    </p>

    <p class='ocr_par' dir='ltr' id='par_1_23' title="bbox 78 2414 807 2752">
     <span class='ocr_line' id='line_1_44' title="bbox 80 2414 803 2453; baseline 0.004 -11"><span class='ocrx_word' id='word_1_285' title='bbox 80 2418 99 2432; x_wconf 77' lang='lat'>·‘</span> <span class='ocrx_word' id='word_1_286' title='bbox 112 2414 223 2443; x_wconf 77' lang='lat' dir='ltr'>sarie-m</span> <span class='ocrx_word' id='word_1_287' title='bbox 238 2423 311 2443; x_wconf 89' lang='lat' dir='ltr'>cum</span> <span class='ocrx_word' id='word_1_288' title='bbox 320 2423 382 2453; x_wconf 87' lang='lat' dir='ltr'>qua</span> <span class='ocrx_word' id='word_1_289' title='bbox 393 2419 506 2444; x_wconf 80' lang='lat' dir='ltr'>terram</span> <span class='ocrx_word' id='word_1_290' title='bbox 522 2414 649 2450; x_wconf 50' lang='lat' dir='ltr'>movet?</span> <span class='ocrx_word' id='word_1_291' title='bbox 673 2424 738 2444; x_wconf 89' lang='lat' dir='ltr'>non</span> <span class='ocrx_word' id='word_1_292' title='bbox 749 2420 803 2450; x_wconf 81' lang='lat' dir='ltr'>est,</span> 
     </span>
     <span class='ocr_line' id='line_1_45' title="bbox 78 2456 803 2497; baseline 0.001 -11"><span class='ocrx_word' id='word_1_293' title='bbox 78 2465 141 2495; x_wconf 79' lang='lat' dir='ltr'>qua</span> <span class='ocrx_word' id='word_1_294' title='bbox 163 2461 278 2486; x_wconf 71' lang='lat' dir='ltr'>tem-am</span> <span class='ocrx_word' id='word_1_295' title='bbox 305 2458 412 2491; x_wconf 84' lang='lat' dir='ltr'>movit,-</span> <span class='ocrx_word' id='word_1_296' title='bbox 445 2456 506 2491; x_wconf 87' lang='lat' dir='ltr'>sed,</span> <span class='ocrx_word' id='word_1_297' title='bbox 533 2459 624 2487; x_wconf 79' lang='lat' dir='ltr'>simul</span> <span class='ocrx_word' id='word_1_298' title='bbox 649 2467 718 2487; x_wconf 81' lang='lat' dir='ltr'>cum</span> <span class='ocrx_word' id='word_1_299' title='bbox 742 2469 803 2497; x_wconf 87' lang='lat' dir='ltr'>qua</span> 
     </span>
     <span class='ocr_line' id='line_1_46' title="bbox 80 2500 803 2540; baseline 0.003 -12"><span class='ocrx_word' id='word_1_300' title='bbox 80 2505 195 2534; x_wconf 76' lang='lat' dir='ltr'>terram</span> <span class='ocrx_word' id='word_1_301' title='bbox 207 2500 310 2529; x_wconf 76' lang='lat' dir='ltr'>mmn&#39;t.</span> <span class='ocrx_word' id='word_1_302' title='bbox 354 2505 372 2518; x_wconf 91' lang='grc'>“</span> <span class='ocrx_word' id='word_1_303' title='bbox 385 2501 456 2538; x_wconf 80' lang='lat' dir='ltr'>Ipse</span> <span class='ocrx_word' id='word_1_304' title='bbox 469 2501 553 2530; x_wconf 81' lang='lat' dir='ltr'>dedit</span> <span class='ocrx_word' id='word_1_305' title='bbox 563 2501 640 2530; x_wconf 76' lang='lat' dir='ltr'>letho</span> <span class='ocrx_word' id='word_1_306' title='bbox 652 2501 803 2540; x_wconf 84' lang='lat' dir='ltr'>cumqui-</span> 
     </span>
     <span class='ocr_line' id='line_1_47' title="bbox 83 2541 805 2582; baseline 0.004 -11"><span class='ocrx_word' id='word_1_307' title='bbox 83 2546 102 2560; x_wconf 74' lang='lat'>⁶⁶</span> <span class='ocrx_word' id='word_1_308' title='bbox 118 2541 177 2570; x_wconf 85' lang='lat' dir='ltr'>bus</span> <span class='ocrx_word' id='word_1_309' title='bbox 199 2547 270 2572; x_wconf 79' lang='lat' dir='ltr'>ante</span> <span class='ocrx_word' id='word_1_310' title='bbox 285 2541 419 2582; x_wconf 75' lang='lat' dir='ltr'>feras;’&#39;</span> <span class='ocrx_word' id='word_1_311' title='bbox 453 2552 519 2572; x_wconf 86' lang='lat' dir='ltr'>non</span> <span class='ocrx_word' id='word_1_312' title='bbox 542 2542 581 2573; x_wconf 90' lang='lat' dir='ltr'>de</span> <span class='ocrx_word' id='word_1_313' title='bbox 607 2545 805 2574; x_wconf 79' lang='lat' dir='ltr'>instrumento</span> 
     </span>
     <span class='ocr_line' id='line_1_48' title="bbox 82 2583 804 2619; baseline 0.004 -6"><span class='ocrx_word' id='word_1_314' title='bbox 82 2583 204 2614; x_wconf 80' lang='lat' dir='ltr'>dictum</span> <span class='ocrx_word' id='word_1_315' title='bbox 219 2589 272 2619; x_wconf 83' lang='lat' dir='ltr'>est,</span> <span class='ocrx_word' id='word_1_316' title='bbox 287 2583 342 2614; x_wconf 78' lang='lat' dir='ltr'>sed</span> <span class='ocrx_word' id='word_1_317' title='bbox 355 2584 395 2614; x_wconf 88' lang='lat' dir='ltr'>de</span> <span class='ocrx_word' id='word_1_318' title='bbox 408 2588 506 2616; x_wconf 80' lang='lat' dir='ltr'>sociis.</span> <span class='ocrx_word' id='word_1_319' title='bbox 540 2591 557 2604; x_wconf 90' lang='lat'>“</span> <span class='ocrx_word' id='word_1_320' title='bbox 580 2587 714 2617; x_wconf 82' lang='lat' dir='ltr'>Vertebat</span> <span class='ocrx_word' id='word_1_321' title='bbox 729 2597 804 2617; x_wconf 89' lang='lat' dir='ltr'>cum</span> 
     </span>
     <span class='ocr_line' id='line_1_49' title="bbox 81 2626 807 2670; baseline 0.007 -15"><span class='ocrx_word' id='word_1_322' title='bbox 81 2631 101 2645; x_wconf 78' lang='lat'>⁸⁸</span> <span class='ocrx_word' id='word_1_323' title='bbox 116 2626 238 2665; x_wconf 82' lang='lat' dir='ltr'>pectine</span> <span class='ocrx_word' id='word_1_324' title='bbox 255 2628 418 2666; x_wconf 57' lang='lat' dir='ltr'>stratum?</span> <span class='ocrx_word' id='word_1_325' title='bbox 441 2634 515 2663; x_wconf 85' lang='lat' dir='ltr'>et,‘</span> <span class='ocrx_word' id='word_1_326' title='bbox 516 2630 615 2660; x_wconf 85' lang='lat' dir='ltr'>‘cirri</span> <span class='ocrx_word' id='word_1_327' title='bbox 639 2639 713 2659; x_wconf 87' lang='lat' dir='ltr'>cum</span> <span class='ocrx_word' id='word_1_328' title='bbox 738 2629 807 2670; x_wconf 89' lang='lat' dir='ltr'>qui-</span> 
     </span>
     <span class='ocr_line' id='line_1_50' title="bbox 82 2670 807 2712; baseline 0.004 -13"><span class='ocrx_word' id='word_1_329' title='bbox 82 2674 102 2688; x_wconf 86' lang='lat'>·‘</span> <span class='ocrx_word' id='word_1_330' title='bbox 115 2670 174 2700; x_wconf 91' lang='lat' dir='ltr'>bus</span> <span class='ocrx_word' id='word_1_331' title='bbox 187 2675 354 2706; x_wconf 56' lang='lat' dir='ltr'>venant-um</span> <span class='ocrx_word' id='word_1_332' title='bbox 356 2670 378 2683; x_wconf 81' lang='lat'>‘¹</span> <span class='ocrx_word' id='word_1_333' title='bbox 400 2676 570 2712; x_wconf 78' lang='lat' dir='ltr'>utrumque</span> <span class='ocrx_word' id='word_1_334' title='bbox 580 2671 685 2711; x_wconf 83' lang='lat' dir='ltr'>etipse</span> <span class='ocrx_word' id='word_1_335' title='bbox 695 2682 807 2712; x_wconf 85' lang='lat' dir='ltr'>agnos-</span> 
     </span>
     <span class='ocr_line' id='line_1_51' title="bbox 80 2711 805 2752; baseline 0.004 -10"><span class='ocrx_word' id='word_1_336' title='bbox 80 2711 124 2742; x_wconf 84' lang='lat' dir='ltr'>cit</span> <span class='ocrx_word' id='word_1_337' title='bbox 138 2711 229 2742; x_wconf 83' lang='lat' dir='ltr'>aliter</span> <span class='ocrx_word' id='word_1_338' title='bbox 242 2722 307 2742; x_wconf 66' lang='lat' dir='ltr'>esse</span> <span class='ocrx_word' id='word_1_339' title='bbox 331 2713 500 2752; x_wconf 85' lang='lat' dir='ltr'>scriptum3</span> <span class='ocrx_word' id='word_1_340' title='bbox 521 2721 559 2750; x_wconf 87' lang='lat' dir='ltr'>et,</span> <span class='ocrx_word' id='word_1_341' title='bbox 575 2725 648 2745; x_wconf 84' lang='lat' dir='ltr'>vera</span> <span class='ocrx_word' id='word_1_342' title='bbox 662 2716 688 2745; x_wconf 90' lang='lat' dir='ltr'>si</span> <span class='ocrx_word' id='word_1_343' title='bbox 711 2716 750 2745; x_wconf 85' lang='lat' dir='ltr'>sit</span> <span class='ocrx_word' id='word_1_344' title='bbox 764 2716 805 2745; x_wconf 89' lang='lat' dir='ltr'>is-</span> 
     </span>
    </p>
   </div>
   <div class='ocr_carea' id='block_1_21' title="bbox 1127 1685 1572 1723">
    <p class='ocr_par' dir='ltr' id='par_1_24' title="bbox 1127 1685 1572 1723">
     <span class='ocr_line' id='line_1_52' title="bbox 1127 1685 1572 1723; baseline -0.004 -9"><span class='ocrx_word' id='word_1_345' title='bbox 1127 1689 1144 1702; x_wconf 91' lang='lat'>“</span> <span class='ocrx_word' id='word_1_346' title='bbox 1163 1685 1307 1714; x_wconf 78' lang='lat' dir='ltr'>Gladium</span> <span class='ocrx_word' id='word_1_347' title='bbox 1318 1687 1444 1723; x_wconf 77' lang='lat' dir='ltr'>quicum</span> <span class='ocrx_word' id='word_1_348' title='bbox 1458 1694 1487 1714; x_wconf 81' lang='lat' dir='ltr'>se</span> <span class='ocrx_word' id='word_1_349' title='bbox 1501 1694 1572 1722; x_wconf 80' lang='lat' dir='ltr'>per-</span> 
     </span>
    </p>
   </div>
   <div class='ocr_carea' id='block_1_22' title="bbox 849 1726 1575 1766">
    <p class='ocr_par' dir='ltr' id='par_1_25' title="bbox 849 1726 1575 1766">
     <span class='ocr_line' id='line_1_53' title="bbox 849 1726 1575 1766; baseline -0.004 -9"><span class='ocrx_word' id='word_1_350' title='bbox 849 1727 1016 1762; x_wconf 85' lang='lat' dir='ltr'>cusserat,·’&#39;</span> <span class='ocrx_word' id='word_1_351' title='bbox 1040 1726 1151 1766; x_wconf 88' lang='lat' dir='ltr'>nuperi</span> <span class='ocrx_word' id='word_1_352' title='bbox 1167 1733 1212 1756; x_wconf 87' lang='lat' dir='ltr'>est</span> <span class='ocrx_word' id='word_1_353' title='bbox 1230 1726 1384 1761; x_wconf 75' lang='lat' dir='ltr'>Auctoris,</span> <span class='ocrx_word' id='word_1_354' title='bbox 1401 1736 1465 1755; x_wconf 89' lang='lat' dir='ltr'>non</span> <span class='ocrx_word' id='word_1_355' title='bbox 1489 1726 1575 1755; x_wconf 85' lang='lat' dir='ltr'>Lati.</span> 
     </span>
    </p>
   </div>
   <div class='ocr_carea' id='block_1_23' title="bbox 849 1780 1300 1981">
    <p class='ocr_par' dir='ltr' id='par_1_26' title="bbox 849 1780 1300 1981">
     <span class='ocr_line' id='line_1_54' title="bbox 849 1780 892 1800; baseline 0.023 -1"><span class='ocrx_word' id='word_1_356' title='bbox 849 1780 892 1800; x_wconf 75' lang='lat' dir='ltr'>ni.</span> 
     </span>
     <span class='ocr_line' id='line_1_55' title="bbox 851 1814 1300 1852; baseline -0.002 -9"><span class='ocrx_word' id='word_1_357' title='bbox 851 1819 903 1848; x_wconf 85' lang='lat' dir='ltr'>est,</span> <span class='ocrx_word' id='word_1_358' title='bbox 919 1815 1007 1843; x_wconf 83' lang='lat' dir='ltr'>tellus</span> <span class='ocrx_word' id='word_1_359' title='bbox 1022 1823 1089 1843; x_wconf 83' lang='lat' dir='ltr'>cum</span> <span class='ocrx_word' id='word_1_360' title='bbox 1099 1814 1300 1852; x_wconf 79' lang='lat' dir='ltr'>agricultura.</span> 
     </span>
     <span class='ocr_line' id='line_1_56' title="bbox 850 1855 1049 1897; baseline 0.005 -12"><span class='ocrx_word' id='word_1_361' title='bbox 850 1858 1010 1897; x_wconf 77' lang='lat' dir='ltr'>confligere</span> <span class='ocrx_word' id='word_1_362' title='bbox 1017 1855 1049 1890; x_wconf 91' lang='lat'>;”</span> 
     </span>
     <span class='ocr_line' id='line_1_57' title="bbox 850 1899 1249 1940; baseline 0 -12"><span class='ocrx_word' id='word_1_363' title='bbox 850 1899 911 1933; x_wconf 80' lang='lat' dir='ltr'>sed,</span> <span class='ocrx_word' id='word_1_364' title='bbox 929 1906 1064 1930; x_wconf 76' lang='lat' dir='ltr'>armatos</span> <span class='ocrx_word' id='word_1_365' title='bbox 1079 1900 1249 1940; x_wconf 79' lang='lat' dir='ltr'>confligere.</span> 
     </span>
     <span class='ocr_line' id='line_1_58' title="bbox 853 1942 1121 1981; baseline 0.004 -10"><span class='ocrx_word' id='word_1_366' title='bbox 853 1947 870 1960; x_wconf 88' lang='lat'>“</span> <span class='ocrx_word' id='word_1_367' title='bbox 883 1952 946 1981; x_wconf 85' lang='lat' dir='ltr'>gua</span> <span class='ocrx_word' id='word_1_368' title='bbox 960 1942 1121 1981; x_wconf 85' lang='lat' dir='ltr'>lingere;&#39;&#39;</span> 
     </span>
    </p>
   </div>
   <div class='ocr_carea' id='block_1_24' title="bbox 938 1769 1574 1980">
    <p class='ocr_par' dir='ltr' id='par_1_27' title="bbox 938 1769 1574 1980">
     <span class='ocr_line' id='line_1_59' title="bbox 938 1769 1573 1810; baseline -0.003 -10"><span class='ocrx_word' id='word_1_369' title='bbox 938 1776 955 1789; x_wconf 91' lang='lat'>“</span> <span class='ocrx_word' id='word_1_370' title='bbox 971 1772 993 1800; x_wconf 88' lang='lat' dir='ltr'><strong><em>S</em></strong></span> <span class='ocrx_word' id='word_1_371' title='bbox 997 1769 1094 1809; x_wconf 79' lang='lat' dir='ltr'>afficit</span> <span class='ocrx_word' id='word_1_372' title='bbox 1097 1769 1210 1810; x_wconf 81' lang='lat' dir='ltr'>fruges</span> <span class='ocrx_word' id='word_1_373' title='bbox 1226 1779 1298 1800; x_wconf 86' lang='lat' dir='ltr'>cum</span> <span class='ocrx_word' id='word_1_374' title='bbox 1316 1779 1438 1799; x_wconf 80' lang='lat' dir='ltr'>vomere</span> <span class='ocrx_word' id='word_1_375' title='bbox 1453 1769 1573 1805; x_wconf 81' lang='lat' dir='ltr'>tellus;&#39;⁷</span> 
     </span>
     <span class='ocr_line' id='line_1_60' title="bbox 1349 1812 1574 1842; baseline 0 0"><span class='ocrx_word' id='word_1_376' title='bbox 1349 1820 1366 1831; x_wconf 79' lang='lat'>‘⁶</span> <span class='ocrx_word' id='word_1_377' title='bbox 1383 1812 1465 1842; x_wconf 90' lang='lat' dir='ltr'>Cum</span> <span class='ocrx_word' id='word_1_378' title='bbox 1477 1814 1574 1842; x_wconf 84' lang='lat' dir='ltr'>armis</span> 
     </span>
     <span class='ocr_line' id='line_1_61' title="bbox 1083 1857 1572 1895; baseline -0.002 -10"><span class='ocrx_word' id='word_1_379' title='bbox 1083 1865 1148 1885; x_wconf 90' lang='lat' dir='ltr'>non</span> <span class='ocrx_word' id='word_1_380' title='bbox 1177 1862 1229 1890; x_wconf 77' lang='lat' dir='ltr'>est,</span> <span class='ocrx_word' id='word_1_381' title='bbox 1268 1857 1364 1885; x_wconf 81' lang='lat' dir='ltr'>armis</span> <span class='ocrx_word' id='word_1_382' title='bbox 1401 1857 1572 1895; x_wconf 81' lang='lat' dir='ltr'>confligere,</span> 
     </span>
     <span class='ocr_line' id='line_1_62' title="bbox 1296 1897 1574 1928; baseline -0.007 0"><span class='ocrx_word' id='word_1_383' title='bbox 1296 1904 1313 1917; x_wconf 85' lang='lat'>“</span> <span class='ocrx_word' id='word_1_384' title='bbox 1327 1900 1391 1928; x_wconf 82' lang='lat' dir='ltr'>Ista</span> <span class='ocrx_word' id='word_1_385' title='bbox 1413 1907 1485 1927; x_wconf 87' lang='lat' dir='ltr'>cum</span> <span class='ocrx_word' id='word_1_386' title='bbox 1510 1897 1574 1927; x_wconf 89' lang='lat' dir='ltr'>lin-</span> 
     </span>
     <span class='ocr_line' id='line_1_63' title="bbox 1145 1942 1574 1980; baseline -0.002 -9"><span class='ocrx_word' id='word_1_387' title='bbox 1145 1951 1208 1971; x_wconf 87' lang='lat' dir='ltr'>non</span> <span class='ocrx_word' id='word_1_388' title='bbox 1228 1946 1283 1976; x_wconf 85' lang='lat' dir='ltr'>est,</span> <span class='ocrx_word' id='word_1_389' title='bbox 1303 1943 1411 1980; x_wconf 81' lang='lat' dir='ltr'>lingua</span> <span class='ocrx_word' id='word_1_390' title='bbox 1439 1942 1574 1980; x_wconf 83' lang='lat' dir='ltr'>lingere,-</span> 
     </span>
    </p>
   </div>
   <div class='ocr_carea' id='block_1_25' title="bbox 849 1984 1574 2024">
    <p class='ocr_par' dir='ltr' id='par_1_28' title="bbox 849 1984 1574 2024">
     <span class='ocr_line' id='line_1_64' title="bbox 849 1984 1574 2024; baseline -0.003 -9"><span class='ocrx_word' id='word_1_391' title='bbox 849 1985 902 2015; x_wconf 83' lang='lat' dir='ltr'>sed</span> <span class='ocrx_word' id='word_1_392' title='bbox 931 1985 1101 2021; x_wconf 82' lang='lat' dir='ltr'>sarcastice,</span> <span class='ocrx_word' id='word_1_393' title='bbox 1136 1986 1184 2015; x_wconf 84' lang='lat' dir='ltr'>Tu</span> <span class='ocrx_word' id='word_1_394' title='bbox 1210 1995 1277 2015; x_wconf 83' lang='lat' dir='ltr'>cum</span> <span class='ocrx_word' id='word_1_395' title='bbox 1302 1984 1360 2014; x_wconf 89' lang='lat' dir='ltr'>ista</span> <span class='ocrx_word' id='word_1_396' title='bbox 1381 1986 1489 2024; x_wconf 82' lang='lat' dir='ltr'>lingua</span> <span class='ocrx_word' id='word_1_397' title='bbox 1517 1989 1574 2014; x_wconf 86' lang='lat' dir='ltr'>etc.</span> 
     </span>
    </p>
   </div>
   <div class='ocr_carea' id='block_1_26' title="bbox 849 2027 1429 2378">
    <p class='ocr_par' dir='ltr' id='par_1_29' title="bbox 849 2027 1429 2369">
     <span class='ocr_line' id='line_1_65' title="bbox 851 2027 1429 2067; baseline 0 -9"><span class='ocrx_word' id='word_1_398' title='bbox 851 2034 868 2047; x_wconf 93' lang='lat'>“</span> <span class='ocrx_word' id='word_1_399' title='bbox 884 2030 995 2058; x_wconf 85' lang='lat' dir='ltr'>Pacem</span> <span class='ocrx_word' id='word_1_400' title='bbox 1023 2038 1096 2058; x_wconf 90' lang='lat' dir='ltr'>cum</span> <span class='ocrx_word' id='word_1_401' title='bbox 1121 2027 1264 2067; x_wconf 79' lang='lat' dir='ltr'>precibus</span> <span class='ocrx_word' id='word_1_402' title='bbox 1285 2027 1429 2067; x_wconf 79' lang='lat' dir='ltr'>petere.·&#39;’</span> 
     </span>
     <span class='ocr_line' id='line_1_66' title="bbox 851 2070 1384 2110; baseline -0.002 -9"><span class='ocrx_word' id='word_1_403' title='bbox 851 2076 868 2090; x_wconf 86' lang='lat'><strong>“</strong></span> <span class='ocrx_word' id='word_1_404' title='bbox 883 2074 1010 2101; x_wconf 67' lang='lat' dir='ltr'>maximo</span> <span class='ocrx_word' id='word_1_405' title='bbox 1034 2072 1134 2101; x_wconf 82' lang='lat' dir='ltr'>labore</span> <span class='ocrx_word' id='word_1_406' title='bbox 1167 2070 1384 2110; x_wconf 71' lang='lat' dir='ltr'>ewpugnare:”</span> 
     </span>
     <span class='ocr_line' id='line_1_67' title="bbox 851 2114 1222 2145; baseline 0 -1"><span class='ocrx_word' id='word_1_407' title='bbox 851 2119 868 2132; x_wconf 84' lang='lat'><strong>“</strong></span> <span class='ocrx_word' id='word_1_408' title='bbox 882 2124 956 2144; x_wconf 88' lang='lat' dir='ltr'>cum</span> <span class='ocrx_word' id='word_1_409' title='bbox 970 2117 1065 2145; x_wconf 85' lang='lat' dir='ltr'>tantis</span> <span class='ocrx_word' id='word_1_410' title='bbox 1087 2114 1222 2145; x_wconf 79' lang='lat' dir='ltr'>minis:’¹</span> 
     </span>
     <span class='ocr_line' id='line_1_68' title="bbox 851 2157 1025 2187; baseline 0 0"><span class='ocrx_word' id='word_1_411' title='bbox 851 2162 868 2175; x_wconf 76' lang='lat'>‘⁴</span> <span class='ocrx_word' id='word_1_412' title='bbox 881 2157 1025 2187; x_wconf 87' lang='lat' dir='ltr'>animo:”</span> 
     </span>
     <span class='ocr_line' id='line_1_69' title="bbox 852 2199 1314 2239; baseline -0.002 -9"><span class='ocrx_word' id='word_1_413' title='bbox 852 2205 869 2219; x_wconf 75' lang='lat'>‘⁶</span> <span class='ocrx_word' id='word_1_414' title='bbox 882 2202 1010 2231; x_wconf 85' lang='lat' dir='ltr'>volentia</span> <span class='ocrx_word' id='word_1_415' title='bbox 1026 2210 1100 2230; x_wconf 88' lang='lat' dir='ltr'>cum</span> <span class='ocrx_word' id='word_1_416' title='bbox 1114 2202 1269 2239; x_wconf 79' lang='lat' dir='ltr'>singulari</span> <span class='ocrx_word' id='word_1_417' title='bbox 1278 2199 1314 2229; x_wconf 92' lang='lat'>.·”</span> 
     </span>
     <span class='ocr_line' id='line_1_70' title="bbox 853 2243 1080 2286; baseline 0 -13"><span class='ocrx_word' id='word_1_418' title='bbox 853 2247 870 2261; x_wconf 79' lang='lat'>‘⁵</span> <span class='ocrx_word' id='word_1_419' title='bbox 884 2244 1038 2286; x_wconf 73' lang='lat' dir='ltr'>Beneficio</span> <span class='ocrx_word' id='word_1_420' title='bbox 1047 2243 1080 2273; x_wconf 79' lang='lat'>:²²</span> 
     </span>
     <span class='ocr_line' id='line_1_71' title="bbox 849 2285 1332 2326; baseline -0.002 -11"><span class='ocrx_word' id='word_1_421' title='bbox 849 2285 1005 2320; x_wconf 85' lang='lat' dir='ltr'>denotent,</span> <span class='ocrx_word' id='word_1_422' title='bbox 1043 2285 1096 2316; x_wconf 92' lang='lat' dir='ltr'>sed</span> <span class='ocrx_word' id='word_1_423' title='bbox 1133 2287 1332 2326; x_wconf 78' lang='lat' dir='ltr'>Adjunctum.</span> 
     </span>
     <span class='ocr_line' id='line_1_72' title="bbox 852 2327 1387 2378; baseline 0 -20"><span class='ocrx_word' id='word_1_424' title='bbox 852 2334 955 2358; x_wconf 85' lang='lat' dir='ltr'>“cum</span> <span class='ocrx_word' id='word_1_425' title='bbox 984 2329 1213 2378; x_wconf 58' lang='lat' dir='ltr'>conjuratorum}</span> <span class='ocrx_word' id='word_1_426' title='bbox 1250 2327 1387 2358; x_wconf 80' lang='lat' dir='ltr'>manu:”</span> 
     </span>
    </p>
   </div>
   <div class='ocr_carea' id='block_1_27' title="bbox 850 2500 1358 2585">
    <p class='ocr_par' dir='ltr' id='par_1_30' title="bbox 850 2500 1358 2585">
     <span class='ocr_line' id='line_1_73' title="bbox 850 2500 1358 2538; baseline -0.004 -8"><span class='ocrx_word' id='word_1_427' title='bbox 850 2506 930 2536; x_wconf 87' lang='lat' dir='ltr'>cant,</span> <span class='ocrx_word' id='word_1_428' title='bbox 946 2500 1000 2531; x_wconf 88' lang='lat' dir='ltr'>sed</span> <span class='ocrx_word' id='word_1_429' title='bbox 1021 2503 1125 2532; x_wconf 83' lang='lat' dir='ltr'>socios.</span> <span class='ocrx_word' id='word_1_430' title='bbox 1168 2500 1358 2538; x_wconf 83' lang='lat' dir='ltr'>Denique‚‘</span> 
     </span>
     <span class='ocr_line' id='line_1_74' title="bbox 854 2543 1204 2585; baseline 0.003 -12"><span class='ocrx_word' id='word_1_431' title='bbox 854 2549 871 2562; x_wconf 71' lang='lat'>‘⁶</span> <span class='ocrx_word' id='word_1_432' title='bbox 883 2549 937 2573; x_wconf 82' lang='lat' dir='ltr'>tur</span> <span class='ocrx_word' id='word_1_433' title='bbox 951 2544 1180 2585; x_wconf 83' lang='lat' dir='ltr'>cumfunibus,·</span> <span class='ocrx_word' id='word_1_434' title='bbox 1184 2543 1204 2554; x_wconf 92' lang='lat'><strong>”</strong></span> 
     </span>
    </p>
   </div>
   <div class='ocr_carea' id='block_1_28' title="bbox 860 2026 1601 2584">
    <p class='ocr_par' dir='ltr' id='par_1_31' title="bbox 881 2026 1601 2456">
     <span class='ocr_line' id='line_1_75' title="bbox 1456 2026 1575 2057; baseline -0.008 0"><span class='ocrx_word' id='word_1_435' title='bbox 1456 2033 1473 2045; x_wconf 72' lang='lat'>‘⁴</span> <span class='ocrx_word' id='word_1_436' title='bbox 1491 2026 1575 2057; x_wconf 92' lang='lat' dir='ltr'>Cum</span> 
     </span>
     <span class='ocr_line' id='line_1_76' title="bbox 1425 2072 1575 2101; baseline -0.007 0"><span class='ocrx_word' id='word_1_437' title='bbox 1425 2076 1442 2089; x_wconf 83' lang='lat'>‘⁶</span> <span class='ocrx_word' id='word_1_438' title='bbox 1458 2072 1575 2101; x_wconf 77' lang='lat' dir='ltr'>Facere</span> 
     </span>
     <span class='ocr_line' id='line_1_77' title="bbox 1258 2115 1574 2152; baseline -0.006 -8"><span class='ocrx_word' id='word_1_439' title='bbox 1258 2119 1275 2132; x_wconf 81' lang='lat'>‘⁶</span> <span class='ocrx_word' id='word_1_440' title='bbox 1288 2115 1476 2152; x_wconf 80' lang='lat' dir='ltr'>Investigare</span> <span class='ocrx_word' id='word_1_441' title='bbox 1499 2123 1574 2142; x_wconf 86' lang='lat' dir='ltr'>cum</span> 
     </span>
     <span class='ocr_line' id='line_1_78' title="bbox 1049 2155 1575 2195; baseline -0.004 -8"><span class='ocrx_word' id='word_1_442' title='bbox 1049 2158 1190 2188; x_wconf 83' lang='lat' dir='ltr'>“Juvare</span> <span class='ocrx_word' id='word_1_443' title='bbox 1205 2166 1278 2187; x_wconf 87' lang='lat' dir='ltr'>cum</span> <span class='ocrx_word' id='word_1_444' title='bbox 1295 2155 1405 2195; x_wconf 81' lang='lat' dir='ltr'>flde:&#39;&#39;</span> <span class='ocrx_word' id='word_1_445' title='bbox 1432 2160 1449 2175; x_wconf 78' lang='lat'>‘⁶</span> <span class='ocrx_word' id='word_1_446' title='bbox 1474 2158 1575 2186; x_wconf 80' lang='lat' dir='ltr'>Bene-</span> 
     </span>
     <span class='ocr_line' id='line_1_79' title="bbox 1338 2199 1573 2229; baseline -0.009 0"><span class='ocrx_word' id='word_1_447' title='bbox 1338 2206 1355 2218; x_wconf 62' lang='lat'>‘2</span> <span class='ocrx_word' id='word_1_448' title='bbox 1374 2199 1472 2229; x_wconf 83' lang='lat' dir='ltr'>Vestro</span> <span class='ocrx_word' id='word_1_449' title='bbox 1499 2208 1573 2228; x_wconf 89' lang='lat' dir='ltr'>cum</span> 
     </span>
     <span class='ocr_line' id='line_1_80' title="bbox 1102 2243 1575 2282; baseline -0.004 -10"><span class='ocrx_word' id='word_1_450' title='bbox 1102 2252 1166 2272; x_wconf 90' lang='lat' dir='ltr'>non</span> <span class='ocrx_word' id='word_1_451' title='bbox 1195 2243 1303 2282; x_wconf 87' lang='lat' dir='ltr'>utique</span> <span class='ocrx_word' id='word_1_452' title='bbox 1333 2244 1575 2272; x_wconf 76' lang='lat' dir='ltr'>lustramentum</span> 
     </span>
     <span class='ocr_line' id='line_1_81' title="bbox 1367 2286 1575 2315; baseline -0.005 0"><span class='ocrx_word' id='word_1_453' title='bbox 1367 2291 1384 2303; x_wconf 76' lang='lat'>‘⁴</span> <span class='ocrx_word' id='word_1_454' title='bbox 1398 2286 1575 2315; x_wconf 71' lang='lat' dir='ltr'>Insa-nctus</span> 
     </span>
     <span class='ocr_line' id='line_1_82' title="bbox 1425 2328 1574 2358; baseline 0.013 -2"><span class='ocrx_word' id='word_1_455' title='bbox 1425 2334 1444 2347; x_wconf 77' lang='lat'>“-</span> <span class='ocrx_word' id='word_1_456' title='bbox 1465 2328 1574 2358; x_wconf 68' lang='lat' dir='ltr'>Veaeavi</span> 
     </span>
     <span class='ocr_line' id='line_1_83' title="bbox 860 2371 1601 2410; baseline -0.001 -8.971"><span class='ocrx_word' id='word_1_457' title='bbox 860 2378 954 2401; x_wconf 83' lang='lat' dir='ltr'>‘cum</span> <span class='ocrx_word' id='word_1_458' title='bbox 983 2374 1120 2402; x_wconf 81' lang='lat' dir='ltr'>omnibus</span> <span class='ocrx_word' id='word_1_459' title='bbox 1148 2374 1222 2402; x_wconf 83' lang='lat' dir='ltr'>meis</span> <span class='ocrx_word' id='word_1_460' title='bbox 1250 2373 1359 2410; x_wconf 67' lang='lat' dir='ltr'>copim.-</span> <span class='ocrx_word' id='word_1_461' title='bbox 1422 2371 1601 2404; x_wconf 25' lang='lat' dir='ltr'>“Quibusr</span> 
     </span>
     <span class='ocr_line' id='line_1_84' title="bbox 860 2413 1573 2456; baseline -0.001 -11.967"><span class='ocrx_word' id='word_1_462' title='bbox 860 2421 949 2445; x_wconf 78' lang='lat' dir='ltr'>‘cnm</span> <span class='ocrx_word' id='word_1_463' title='bbox 973 2414 1100 2456; x_wconf 82' lang='lat' dir='ltr'>[scilicet</span> <span class='ocrx_word' id='word_1_464' title='bbox 1115 2426 1241 2455; x_wconf 60' lang='lat' dir='ltr'>quonum</span> <span class='ocrx_word' id='word_1_465' title='bbox 1259 2413 1364 2454; x_wconf 79' lang='lat' dir='ltr'>opera]</span> <span class='ocrx_word' id='word_1_466' title='bbox 1371 2414 1477 2455; x_wconf 74' lang='lat' dir='ltr'>filiam</span> <span class='ocrx_word' id='word_1_467' title='bbox 1489 2415 1573 2443; x_wconf 80' lang='lat' dir='ltr'>inve-</span> 
     </span>
    </p>

    <p class='ocr_par' dir='ltr' id='par_1_32' title="bbox 861 2455 1570 2530">
     <span class='ocr_line' id='line_1_85' title="bbox 861 2455 1570 2496; baseline -0.003 -8.939"><span class='ocrx_word' id='word_1_468' title='bbox 861 2459 935 2489; x_wconf 70' lang='grc' dir='ltr'>ίηι’.·</span> <span class='ocrx_word' id='word_1_469' title='bbox 941 2457 958 2469; x_wconf 87' lang='grc'>”</span> <span class='ocrx_word' id='word_1_470' title='bbox 980 2457 1089 2488; x_wconf 89' lang='lat' dir='ltr'>itidem</span> <span class='ocrx_word' id='word_1_471' title='bbox 1111 2468 1175 2487; x_wconf 91' lang='lat' dir='ltr'>non</span> <span class='ocrx_word' id='word_1_472' title='bbox 1191 2460 1424 2487; x_wconf 70' lang='lat' dir='ltr'>instrumentum</span> <span class='ocrx_word' id='word_1_473' title='bbox 1450 2455 1570 2496; x_wconf 83' lang='lat' dir='ltr'>signifi-</span> 
     </span>
     <span class='ocr_line' id='line_1_86' title="bbox 1361 2502 1569 2539; baseline 0.006 -11.117"><span class='ocrx_word' id='word_1_474' title='bbox 1361 2502 1569 2539; x_wconf 80' lang='lat' dir='ltr'>‘aggredian-</span> 
     </span>
    </p>

    <p class='ocr_par' dir='ltr' id='par_1_33' title="bbox 1228 2541 1572 2584">
     <span class='ocr_line' id='line_1_87' title="bbox 1228 2541 1572 2584; baseline 0.003 -13"><span class='ocrx_word' id='word_1_475' title='bbox 1228 2552 1292 2572; x_wconf 90' lang='lat' dir='ltr'>non</span> <span class='ocrx_word' id='word_1_476' title='bbox 1313 2541 1504 2584; x_wconf 59' lang='grc' dir='ltr'>εειῙιιηίὁηε</span> <span class='ocrx_word' id='word_1_477' title='bbox 1515 2553 1572 2582; x_wconf 82' lang='lat' dir='ltr'>ag-</span> 
     </span>
    </p>
   </div>
   <div class='ocr_carea' id='block_1_29' title="bbox 843 2586 1569 2626">
    <p class='ocr_par' dir='ltr' id='par_1_34' title="bbox 843 2586 1569 2626">
     <span class='ocr_line' id='line_1_88' title="bbox 843 2586 1569 2626; baseline -0.004 -9"><span class='ocrx_word' id='word_1_478' title='bbox 843 2589 1046 2626; x_wconf 80' lang='lat' dir='ltr'>grediuntur‚·</span> <span class='ocrx_word' id='word_1_479' title='bbox 1084 2586 1146 2620; x_wconf 81' lang='lat' dir='ltr'>sed,</span> <span class='ocrx_word' id='word_1_480' title='bbox 1166 2586 1306 2615; x_wconf 78' lang='lat' dir='ltr'>manibus</span> <span class='ocrx_word' id='word_1_481' title='bbox 1335 2587 1569 2625; x_wconf 76' lang='lat' dir='ltr'>aggrediuntur,</span> 
     </span>
    </p>
   </div>
   <div class='ocr_carea' id='block_1_30' title="bbox 837 2629 1207 2670">
    <p class='ocr_par' dir='ltr' id='par_1_35' title="bbox 837 2629 1207 2670">
     <span class='ocr_line' id='line_1_89' title="bbox 837 2629 1207 2670; baseline -0.006 -11"><span class='ocrx_word' id='word_1_482' title='bbox 837 2629 972 2670; x_wconf 77' lang='lat' dir='ltr'>funibus</span> <span class='ocrx_word' id='word_1_483' title='bbox 995 2632 1132 2661; x_wconf 79' lang='lat' dir='ltr'>armatis.</span> <span class='ocrx_word' id='word_1_484' title='bbox 1155 2629 1207 2662; x_wconf 83' lang='lat' dir='ltr'>Et,</span> 
     </span>
    </p>
   </div>
   <div class='ocr_carea' id='block_1_31' title="bbox 848 2629 1575 2756">
    <p class='ocr_par' dir='ltr' id='par_1_36' title="bbox 870 2629 1575 2746">
     <span class='ocr_line' id='line_1_90' title="bbox 1236 2629 1572 2659; baseline 0 -1"><span class='ocrx_word' id='word_1_485' title='bbox 1236 2634 1253 2647; x_wconf 87' lang='lat'>“</span> <span class='ocrx_word' id='word_1_486' title='bbox 1267 2629 1469 2659; x_wconf 78' lang='lat' dir='ltr'>Macedonum</span> <span class='ocrx_word' id='word_1_487' title='bbox 1500 2632 1572 2659; x_wconf 85' lang='lat' dir='ltr'>ani-</span> 
     </span>
     <span class='ocr_line' id='line_1_91' title="bbox 863 2671 1575 2713; baseline -0.004 -8.913"><span class='ocrx_word' id='word_1_488' title='bbox 863 2679 945 2704; x_wconf 79' lang='lat' dir='ltr'>‘mos</span> <span class='ocrx_word' id='word_1_489' title='bbox 958 2674 1017 2704; x_wconf 85' lang='lat' dir='ltr'>szbi</span> <span class='ocrx_word' id='word_1_490' title='bbox 1031 2673 1204 2703; x_wconf 82' lang='lat' dir='ltr'>conciliavit</span> <span class='ocrx_word' id='word_1_491' title='bbox 1216 2682 1284 2701; x_wconf 85' lang='lat' dir='ltr'>cum</span> <span class='ocrx_word' id='word_1_492' title='bbox 1301 2671 1500 2707; x_wconf 38' lang='lat' dir='ltr'>Heraclide?</span> <span class='ocrx_word' id='word_1_493' title='bbox 1520 2673 1575 2713; x_wconf 76' lang='lat' dir='ltr'>(eo</span> 
     </span>
     <span class='ocr_line' id='line_1_92' title="bbox 848 2714 1573 2756; baseline -0.003 -9.937"><span class='ocrx_word' id='word_1_494' title='bbox 848 2716 934 2756; x_wconf 89' lang='lat' dir='ltr'>quod</span> <span class='ocrx_word' id='word_1_495' title='bbox 950 2714 1153 2746; x_wconf 84' lang='lat' dir='ltr'>Heraclidem</span> <span class='ocrx_word' id='word_1_496' title='bbox 1172 2714 1309 2744; x_wconf 86' lang='lat' dir='ltr'>scilicet</span> <span class='ocrx_word' id='word_1_497' title='bbox 1300 2724 1333 2744; x_wconf 89' lang='lat' dir='ltr'>m</span> <span class='ocrx_word' id='word_1_498' title='bbox 1348 2714 1474 2744; x_wconf 78' lang='lat' dir='ltr'>vincula</span> <span class='ocrx_word' id='word_1_499' title='bbox 1497 2724 1573 2744; x_wconf 84' lang='lat' dir='ltr'>con·</span> 
     </span>
    </p>
   </div>
   <div class='ocr_carea' id='block_1_32' title="bbox 81 2754 1574 2840">
    <p class='ocr_par' dir='ltr' id='par_1_37' title="bbox 81 2754 1574 2840">
     <span class='ocr_line' id='line_1_93' title="bbox 81 2754 1574 2799; baseline 0.002 -15"><span class='ocrx_word' id='word_1_500' title='bbox 81 2759 115 2784; x_wconf 80' lang='lat' dir='ltr'>ta</span> <span class='ocrx_word' id='word_1_501' title='bbox 129 2754 230 2790; x_wconf 85' lang='lat' dir='ltr'>lectio,</span> <span class='ocrx_word' id='word_1_502' title='bbox 246 2755 341 2794; x_wconf 85' lang='lat' dir='ltr'>possit</span> <span class='ocrx_word' id='word_1_503' title='bbox 362 2763 468 2786; x_wconf 69' lang='lat' dir='ltr'>tamen</span> <span class='ocrx_word' id='word_1_504' title='bbox 492 2759 657 2798; x_wconf 79' lang='lat' dir='ltr'>utrobique</span> <span class='ocrx_word' id='word_1_505' title='bbox 682 2758 804 2789; x_wconf 86' lang='lat' dir='ltr'>Ablati-</span> <span class='ocrx_word' id='word_1_506' title='bbox 845 2759 976 2798; x_wconf 81' lang='lat' dir='ltr'>jecerat;</span> <span class='ocrx_word' id='word_1_507' title='bbox 981 2759 993 2799; x_wconf 94' lang='lat'>)</span> <span class='ocrx_word' id='word_1_508' title='bbox 1016 2768 1081 2788; x_wconf 90' lang='lat' dir='ltr'>non</span> <span class='ocrx_word' id='word_1_509' title='bbox 1093 2757 1201 2797; x_wconf 87' lang='lat' dir='ltr'>utique</span> <span class='ocrx_word' id='word_1_510' title='bbox 1213 2757 1340 2788; x_wconf 81' lang='lat' dir='ltr'>Ablativ</span> <span class='ocrx_word' id='word_1_511' title='bbox 1342 2768 1378 2787; x_wconf 87' lang='lat' dir='ltr'>us</span> <span class='ocrx_word' id='word_1_512' title='bbox 1389 2765 1435 2788; x_wconf 89' lang='lat' dir='ltr'>est</span> <span class='ocrx_word' id='word_1_513' title='bbox 1449 2759 1574 2788; x_wconf 77' lang='lat' dir='ltr'>Instru-</span> 
     </span>
     <span class='ocr_line' id='line_1_94' title="bbox 82 2798 1200 2840; baseline 0.003 -13"><span class='ocrx_word' id='word_1_514' title='bbox 82 2806 140 2828; x_wconf 79' lang='lat' dir='ltr'>vus</span> <span class='ocrx_word' id='word_1_515' title='bbox 148 2798 206 2828; x_wconf 83' lang='lat' dir='ltr'>iste</span> <span class='ocrx_word' id='word_1_516' title='bbox 216 2808 280 2828; x_wconf 88' lang='lat' dir='ltr'>non</span> <span class='ocrx_word' id='word_1_517' title='bbox 291 2800 488 2830; x_wconf 73' lang='lat' dir='ltr'>instrumenti</span> <span class='ocrx_word' id='word_1_518' title='bbox 499 2810 572 2836; x_wconf 83' lang='lat' dir='ltr'>esse,</span> <span class='ocrx_word' id='word_1_519' title='bbox 583 2801 638 2832; x_wconf 89' lang='lat' dir='ltr'>sed</span> <span class='ocrx_word' id='word_1_520' title='bbox 648 2802 810 2840; x_wconf 78' lang='lat' dir='ltr'>Adjanctz.</span> <span class='ocrx_word' id='word_1_521' title='bbox 853 2803 957 2837; x_wconf 72' lang='lat' dir='ltr'>menti,</span> <span class='ocrx_word' id='word_1_522' title='bbox 973 2801 1026 2831; x_wconf 86' lang='lat' dir='ltr'>sed</span> <span class='ocrx_word' id='word_1_523' title='bbox 1039 2801 1200 2840; x_wconf 71' lang='lat' dir='ltr'>Adyuncti.</span> 
     </span>
    </p>
   </div>
   <div class='ocr_carea' id='block_1_33' title="bbox 74 2842 688 2926">
    <p class='ocr_par' dir='ltr' id='par_1_38' title="bbox 74 2842 688 2926">
     <span class='ocr_line' id='line_1_95' title="bbox 74 2842 688 2884; baseline 0.007 -12"><span class='ocrx_word' id='word_1_524' title='bbox 74 2843 286 2881; x_wconf 58' lang='lat' dir='ltr'>*Imperator</span> <span class='ocrx_word' id='word_1_525' title='bbox 308 2851 383 2873; x_wconf 86' lang='lat' dir='ltr'>cum</span> <span class='ocrx_word' id='word_1_526' title='bbox 411 2842 524 2884; x_wconf 79' lang='lat' dir='ltr'>sagitta</span> <span class='ocrx_word' id='word_1_527' title='bbox 549 2846 688 2881; x_wconf 75' lang='lat' dir='ltr'>saucius-</span> 
     </span>
     <span class='ocr_line' id='line_1_96' title="bbox 130 2894 259 2926; baseline 0.008 -1"><span class='ocrx_word' id='word_1_528' title='bbox 130 2894 212 2926; x_wconf 78' lang='lat' dir='ltr'>Vox..</span> <span class='ocrx_word' id='word_1_529' title='bbox 228 2895 259 2926; x_wconf 88' lang='lat'>1.</span> 
     </span>
    </p>
   </div>
   <div class='ocr_carea' id='block_1_34' title="bbox 745 2855 809 2875">
    <p class='ocr_par' dir='ltr' id='par_1_39' title="bbox 745 2855 809 2875">
     <span class='ocr_line' id='line_1_97' title="bbox 745 2855 809 2875; baseline -0.016 0"><span class='ocrx_word' id='word_1_530' title='bbox 745 2855 809 2875; x_wconf 75' lang='lat' dir='ltr'>non</span> 
     </span>
    </p>
   </div>
   <div class='ocr_carea' id='block_1_35' title="bbox 827 2898 862 2927">
    <p class='ocr_par' dir='ltr' id='par_1_40' title="bbox 827 2898 862 2927">
     <span class='ocr_line' id='line_1_98' title="bbox 827 2898 862 2927; baseline 0 0"><span class='ocrx_word' id='word_1_531' title='bbox 827 2898 862 2927; x_wconf 79' lang='lat' dir='ltr'>H</span> 
     </span>
    </p>
   </div>
   <div class='ocr_carea' id='block_1_36' title="bbox 896 2842 1508 2885">
    <p class='ocr_par' dir='ltr' id='par_1_41' title="bbox 896 2842 1508 2885">
     <span class='ocr_line' id='line_1_99' title="bbox 896 2842 1508 2885; baseline -0.003 -12"><span class='ocrx_word' id='word_1_532' title='bbox 896 2845 926 2873; x_wconf 74' lang='lat' dir='ltr'><strong>V</strong></span> <span class='ocrx_word' id='word_1_533' title='bbox 930 2854 972 2875; x_wconf 79' lang='lat' dir='ltr'>er.</span> <span class='ocrx_word' id='word_1_534' title='bbox 990 2847 1060 2875; x_wconf 86' lang='lat'>551.</span> <span class='ocrx_word' id='word_1_535' title='bbox 1083 2843 1120 2874; x_wconf 61' lang='lat'>312</span> <span class='ocrx_word' id='word_1_536' title='bbox 1110 2843 1260 2885; x_wconf 59' lang='lat' dir='ltr'>rumam]</span> <span class='ocrx_word' id='word_1_537' title='bbox 1279 2845 1330 2875; x_wconf 77' lang='lat' dir='ltr'>Al,</span> <span class='ocrx_word' id='word_1_538' title='bbox 1345 2842 1508 2880; x_wconf 17' lang='lat' dir='ltr'>{tienne-sla,</span> 
     </span>
    </p>
   </div>
  </div>
 </body>
</html>
