1820 3158
615 585 1180 652 LECTORI.

762 868 1063 884 ἊἏἋΜἊἏἏ

147 1104 262 1159 CUM
282 1116 509 1159 secundum
527 1116 640 1159 hunc
662 1117 815 1159 Iliados
843 1118 1027 1159 Tomum
1059 1116 1184 1158 Pater
1213 1129 1326 1156 meus
1356 1112 1642 1169 imperfectum

142 1199 364 1254 reliquerit,
386 1198 510 1240 libros
530 1213 627 1240 vero
657 1213 763 1254 pene
794 1208 970 1255 quatuor
999 1213 1166 1254 prorsus
1194 1196 1442 1244 absolvisset,
1464 1202 1582 1235 notas
1602 1202 1644 1235 et

144 1284 447 1326 observationes
476 1283 634 1324 caeteris
660 1284 704 1324 in
734 1283 848 1325 libris
878 1283 1056 1340 margini
1086 1282 1236 1337 passim
1266 1280 1557 1335 adscripsisset3
1589 1294 1642 1320 ne

140 1364 230 1407 haec
274 1364 568 1406 interciderent
607 1366 771 1420 penitus
813 1375 852 1407 et
896 1366 1091 1421 perirent,
1138 1363 1295 1420 reliqua
1336 1362 1473 1419 aliquo
1512 1360 1639 1403 modo

141 1447 332 1504 supplere
352 1456 523 1490 conatus
553 1463 656 1489 sum.

199 1609 251 1650 In
270 1616 352 1650 tres
372 1609 529 1664 priores
550 1623 602 1650 ex
622 1608 842 1650 duodecim
862 1608 974 1650 hisce
999 1606 1295 1664 posterioribus
1324 1607 1482 1648 Iliados
1509 1605 1636 1657 libris,

140 1691 320 1746 itemque
339 1691 383 1731 in
404 1699 597 1746 quartum
627 1704 756 1745 usque
786 1690 839 1730 ad
869 1705 951 1732 ver.
985 1694 1079 1731 359.
1112 1689 1398 1731 annotationes
1429 1689 1516 1743 ipse
1544 1702 1638 1742 per-

142 1772 292 1813 fecerat
300 1788 310 1821 3
344 1771 528 1813 Textum
556 1780 596 1813 et
626 1771 869 1812 Versionem
899 1786 1028 1827 usque
1058 1771 1112 1812 ad
1140 1785 1222 1811 ver.
1255 1774 1350 1811 510.
1381 1769 1562 1825 ejusdem
1590 1768 1640 1808 li-

139 1852 204 1893 bri
223 1862 493 1894 recensuerat.
556 1854 694 1909 Atque
713 1853 805 1894 haec
835 1868 887 1894 ex
907 1855 992 1910 ejus
1015 1852 1305 1908 Manuscripto
1325 1867 1449 1908 quam
1470 1865 1638 1893 accura-

139 1935 291 1977 tissime
311 1937 436 1978 edidi.

198 2098 385 2154 Reliquis
414 2099 458 2139 in
488 2098 601 2140 libris
629 2099 793 2140 Textum
828 2108 898 2141 aut
932 2101 1125 2141 Barnesz'z‘
1157 2107 1228 2141 aut
1256 2108 1441 2142 veterum
1473 2100 1634 2141 Editio-

138 2194 239 2221 num
260 2180 428 2229 retinui3
461 2195 544 2221 una
570 2180 748 2222 alterave
768 2195 822 2222 ex
851 2181 959 2222 notis
988 2181 1184 2237 paternis,
1216 2181 1328 2223 nulla
1357 2182 1409 2223 de
1438 2196 1531 2222 meo
1561 2181 1633 2223 ad-

137 2259 270 2301 hibita
289 2260 555 2302 correctione.

190 2421 434 2463 Versionem
476 2422 682 2464 Editionis
728 2424 1003 2465 Wetstenianoe
1041 2424 1284 2481 plerumque
1324 2431 1484 2465 secutus
1523 2439 1629 2474 sum3

136 2517 261 2558 quam
280 2511 419 2545 tamen
439 2505 648 2546 interdum
669 2505 739 2546 ubi
759 2506 847 2560 ipsa
878 2506 1080 2547 sententia
1110 2506 1304 2563 exegerit,
1321 2505 1530 2548 interdum
1560 2506 1631 2548 ubi

138 2583 295 2637 priores
318 2585 451 2625 Patris
472 2586 778 2627 emendationes
800 2586 1106 2638 admonuerim,
1129 2587 1356 2628 emendavi.

195 2745 500 2787 Annotationes
530 2748 683 2802 partim
717 2762 770 2789 ex
803 2748 938 2789 Patris
968 2749 1049 2790 mei
1081 2750 1124 2790 in
1159 2750 1316 2804 priores
1348 2749 1473 2791 libros
1503 2763 1632 2791 anno-

183 2840 270 2876 VoL.
286 2843 333 2876 11.
865 2856 885 2878 8
