1820 3158
913 195 994 242 viii

189 322 473 366 bibliothecam
496 337 590 365 cum
610 323 772 380 publice
791 333 943 366 emtam
964 326 1109 367 scirem
1132 326 1301 367 Civitati
1323 325 1512 376 Get-anae,
1539 327 1680 369 crede-

187 406 300 458 bam,
317 406 475 447 facilem
494 406 595 446 mihi
609 407 693 461 ejus
713 408 874 461 copiam
896 406 994 447 fore.
1056 407 1138 448 Sed
1163 422 1256 449 cum
1277 407 1319 448 id
1339 417 1451 463 peto,
1469 423 1562 450 ecce
1582 424 1678 451 nus-

185 488 297 543 piam
318 497 375 529 est
398 488 595 527 Homerus
614 488 892 537 Lovanz‘ensis,
914 488 1023 528 mala
1040 502 1181 538 manu,
1214 489 1275 529 vel
1295 490 1387 530 vivo
1407 489 1593 541 domino,
1616 492 1678 533 vel

185 569 403 611 heredibus
424 568 592 609 ablatus.
655 568 736 609 Sed
761 568 942 622 Odysseoe
962 569 1125 610 collatio
1145 583 1240 610 cum
1259 570 1346 611 aliis
1366 572 1561 627 exemplis
1574 574 1674 615 cele-

181 653 281 693 riter
301 651 426 692 solata
446 658 505 691 est
525 649 682 690 irritam
703 664 827 704 spem.
890 649 1057 690 Etenim
1077 651 1224 705 reperi,
1254 666 1344 692 eam
1365 667 1449 693 esse
1469 655 1677 708 repetitio-

180 748 277 775 nem
297 733 541 773 Florentinae
559 731 774 786 ejusmodi,
806 731 849 771 in
870 746 951 786 qua
972 747 994 772 e
1016 731 1068 773 M
1073 732 1153 774 Stis
1173 732 1275 773 nihil
1295 735 1521 784 accesserit,
1542 749 1675 789 pauca

179 815 277 855 vitia
296 811 592 869 typographica
613 820 811 862 correcta,
833 821 879 853 ut
899 811 1076 859 Ὀδυσσῆα,
1098 814 1208 870 quod
1227 822 1286 856 est
1305 814 1495 871 frequens
1515 815 1559 857 in
1578 817 1677 857 Flo-

181 898 342 938 rentina
362 894 520 944 vitiose,
541 894 583 934 in
605 892 770 944 Ὀδυσῆι,
793 902 833 935 et
854 894 1011 936 similia.

239 976 413 1026 Ultima,
444 990 568 1031 quam
589 975 759 1026 contuli,
781 984 841 1016 est
867 976 1123 1017 Turnehiana
1141 977 1246 1018 Ilias
1265 992 1332 1018 αη.
1360 982 1479 1018 1554.
1503 983 1540 1018 8.
1576 979 1674 1020 niti-

178 1058 351 1100 dissimis
371 1057 580 1098 literarum
600 1056 752 1097 formis·
816 1057 880 1097 Ea
899 1057 1052 1098 nullam
1073 1058 1329 1112 superiorum
1350 1059 1459 1108 satis,
1492 1059 1675 1100 maxime

177 1149 316 1182 tamen
344 1138 517 1179 Aldinas
545 1138 789 1198 posteriores
819 1138 1011 1193 sequitur.
1072 1138 1124 1179 Id
1154 1153 1237 1194 quo
1265 1138 1329 1179 vel
1356 1139 1460 1180 libro
1491 1139 1552 1181 vel
1583 1140 1674 1182 viro

178 1223 303 1264 docto
322 1220 462 1261 fecerit
486 1228 667 1270 auctore,
698 1219 847 1260 nescio.
910 1219 1017 1261 Illud
1046 1219 1180 1270 video,
1215 1220 1299 1275 ejus
1328 1220 1560 1271 lectionem,
1592 1235 1674 1276 qua

176 1304 381 1358 discrepat
401 1317 425 1343 a
445 1300 737 1357 superioribus,
759 1300 843 1341 fere
863 1301 1036 1342 eandem
1052 1315 1136 1342 esse
1156 1316 1251 1342 cum
1266 1303 1557 1354 stephaniam,
1579 1317 1672 1357 quae

175 1392 269 1441 post
298 1383 462 1440 vulgata
489 1381 577 1423 fuit.
638 1382 844 1422 Vitiosum
874 1381 1040 1438 quidem
1069 1400 1094 1419 ν.
1114 1384 1342 1429 {pauno-*cmm
1362 1383 1405 1422 in
1435 1383 1671 1437 posteriori-

174 1469 267 1519 bus,
290 1482 398 1522 saepe
418 1474 477 1507 est
496 1466 541 1506 in
561 1464 639 1507 hac
658 1465 852 1520 primum.
905 1465 988 1507 Sed
1007 1465 1092 1520 ejus
1111 1464 1304 1506 lectiones
1323 1464 1563 1520 plerumque
1583 1480 1669 1507 non

176 1558 272 1593 sunt
291 1550 427 1591 bonae.

230 1631 417 1687 Longius
437 1627 633 1686 progredi
653 1626 910 1669 conferendis
934 1627 1180 1669 editionibus
1200 1642 1286 1669 non
1305 1627 1439 1678 libuit,
1470 1641 1564 1669 cum
1586 1630 1666 1672 sint

172 1714 321 1763 obviae,
350 1726 427 1752 nec
447 1710 522 1750 viri
542 1709 669 1758 docti,
701 1709 772 1764 qui
793 1723 859 1750 eas
879 1717 1090 1760 curarunt,
1121 1709 1408 1764 manuscriptis
1428 1723 1470 1749 se
1489 1724 1584 1750 usos
1604 1710 1668 1751 di-

172 1803 279 1839 cant.
340 1794 424 1835 Seh.
447 1791 612 1847 quidem
646 1791 840 1840 Castalio,
871 1790 934 1831 vir
965 1805 1100 1847 graece
1119 1791 1390 1841 doctissimus,
1423 1790 1493 1846 qui
1511 1790 1665 1832 bonam

171 1890 340 1933 operam
359 1888 511 1914 navare
530 1871 709 1913 Homero
728 1870 940 1926 potuisset,
962 1871 1195 1926 profitetur,
1217 1886 1259 1912 se
1278 1878 1438 1912 textum
1459 1871 1663 1922 editionis,

170 1971 263 2016 quae
294 1955 464 1996 Genevae
484 1968 549 2008 ap.
573 1953 799 2007 Crispinum
828 1960 970 1993 curata
989 1960 1106 2003 esset,
1129 1960 1323 1994 secutum.
1386 1951 1441 1993 Et
1462 1967 1541 2008 ego
1569 1951 1663 1992 alie-

171 2054 248 2081 nus
268 2052 358 2080 sum
377 2036 428 2077 ab
449 2034 645 2091 opinione
664 2042 735 2076 aut
755 2034 1051 2076 consuetudine
1071 2049 1230 2085 eorum,
1254 2035 1324 2090 qui
1343 2035 1387 2074 in
1407 2034 1554 2075 talibus
1575 2049 1664 2076 om-

168 2121 238 2162 nia
253 2117 468 2174 complecti
488 2116 634 2158 eodem
648 2124 835 2171 tempore
854 2123 895 2157 et
914 2130 998 2157 una
1017 2131 1142 2171 opera
1161 2115 1317 2158 volunt:
1348 2115 1460 2157 unde
1475 2130 1584 2172 saepe
1599 2115 1661 2165 fit,

167 2210 215 2244 ut
234 2200 337 2242 nihil
356 2198 548 2249 efficiant,
574 2205 615 2239 et
633 2197 762 2238 literae
782 2196 939 2238 nullum
968 2196 1147 2239 fructum
1168 2212 1220 2238 ex
1239 2211 1382 2238 eorum
1403 2196 1592 2238 doctrina
1621 2205 1674 2238 et.

167 2281 369 2323 industria
398 2279 572 2335 capiant.
635 2278 679 2321 Si
699 2278 887 2334 majores,
916 2279 986 2334 qui
1007 2278 1206 2320 editiones
1225 2286 1455 2328 auctorum,
1489 2278 1659 2330 Lexica,

169 2371 211 2405 et
231 2362 376 2404 similia
395 2376 521 2417 opera
539 2360 663 2416 primi
684 2360 962 2410 instituerunt,
985 2359 1065 2401 hoc
1086 2361 1225 2401 animo
1244 2359 1426 2410 fuissent,
1448 2358 1551 2400 nihil
1570 2373 1660 2400 om-

165 2444 268 2486 nino
288 2444 339 2484 ab
360 2444 408 2484 iis
427 2442 638 2498 proditum
659 2441 915 2483 haberemus.
977 2441 1120 2483 Plures
1139 2441 1304 2483 veniant
1324 2442 1367 2482 in
1387 2448 1547 2496 partem
1563 2456 1662 2497 ope-

165 2525 222 2566 ris
256 2524 394 2581 magni
420 2531 460 2564 et
495 2521 679 2564 difficilis.
740 2522 850 2580 Eg0‚
884 2522 996 2579 quod
1025 2522 1151 2564 habui
1181 2522 1235 2564 ad
1263 2537 1424 2572 manus,
1458 2522 1569 2573 dedi,
1603 2530 1659 2573 et,

166 2607 279 2664 quod
299 2615 460 2661 tempus
480 2621 619 2647 meum
639 2605 745 2655 sivit,
767 2604 855 2646 feci.
918 2605 1205 2647 Fundamenta
1224 2605 1414 2661 quaedam
1428 2605 1539 2659 jacta
1566 2611 1661 2646 sunt

164 2687 356 2731 editionis
393 2686 683 2741 locupletioris,
721 2700 814 2742 quae
851 2694 948 2728 sunt
986 2687 1028 2727 in
1064 2686 1258 2727 varietate
1293 2686 1490 2727 lectionis.
1567 2685 1655 2726 Ex-

163 2769 301 2824 emplo
332 2767 521 2809 editionis
556 2775 709 2808 nostrae
727 2775 914 2822 possunt,
946 2767 1093 2823 quibus
1113 2765 1280 2808 facultas
1310 2775 1370 2808 est
1404 2765 1535 2808 MSS.
1568 2764 1655 2806 edi-

166 2857 387 2907 torumque
416 2849 631 2899 librorum,
669 2848 845 2904 adjicere
874 2848 1065 2890 lectiones
1097 2847 1209 2899 alias,
1251 2856 1337 2899 aut,
1369 2848 1401 2889 si
1435 2847 1525 2904 quis
1558 2852 1651 2901 post
