1820 3158
850 172 917 219 vii

139 305 269 348 niensi
293 306 411 344 1523.
434 302 546 357 cujus
567 302 686 358 copia
704 301 820 344 facile
841 318 926 344 esse
945 311 1109 358 poterat
1128 305 1314 354 Erasmo,
1337 304 1523 362 indagari
1545 321 1638 363 pos-

142 394 217 435 set,
261 385 293 425 si
325 383 578 425 conferretur
606 383 732 424 editio
766 398 841 439 per
876 385 1066 425 Bentium
1099 393 1254 435 curata,
1292 400 1387 426 cum
1422 388 1638 441 superiori.

145 465 229 507 Sed
248 479 334 505 non
355 472 415 505 est
434 463 551 504 tanti.

198 546 313 587 Inter
333 545 526 585 Aldinam
547 545 769 586 secundam
801 553 841 587 et
875 546 1038 587 tertiam
1069 547 1204 588 media
1239 555 1297 588 est
1325 548 1499 590 Juntina
1538 553 1636 592 anni

148 632 270 668 1519.
288 631 325 666 8.
343 626 456 680 cujus
468 626 554 681 ipse
564 626 741 681 primam
753 635 915 668 tantum
928 636 1088 683 partem
1108 627 1312 683 possideo,
1325 628 1395 670 sed
1411 628 1579 671 alteram
1592 632 1636 673 in

144 707 339 763 catalogis
358 706 558 746 librorum
578 708 892 747 commemorari
906 707 1001 748 vidi.
1044 707 1206 764 Magna
1225 708 1451 763 cupiditate
1470 709 1640 767 flagravi

140 787 303 829 alterius
319 787 443 827 etiam
457 787 585 841 partis
602 787 875 842 reperiundae,
893 788 1031 843 quoad
1050 803 1136 829 non
1152 789 1406 830 contuleram
1428 805 1522 831 cum
1543 791 1642 833 aliis.

140 870 248 911 Eam
267 869 507 911 incenderat
526 870 771 920 Dor-villius,
794 870 906 926 quod
926 871 969 910 in
996 869 1036 911 V
1030 885 1137 911 anno
1171 872 1274 912 Crit.
1294 886 1335 926 p.
1354 876 1448 912 390.
1465 887 1555 913 eam
1575 888 1642 914 ac-

141 952 427 991 curatissimam
459 960 590 991 vocat.
651 950 823 1005 Impulit
853 951 959 992 forte
991 951 1124 993 virum
1157 960 1422 1007 praestantem
1457 954 1501 994 in
1535 953 1644 995 hanc

140 1039 323 1072 mentem
342 1045 426 1072 una
445 1038 486 1071 et
505 1031 603 1072 item
624 1031 751 1072 altera
769 1031 890 1073 lectio
909 1032 1035 1083 bona,
1057 1048 1150 1088 quae
1170 1049 1256 1074 non
1276 1042 1336 1075 est
1355 1035 1399 1074 in
1418 1033 1482 1075 his
1502 1034 1648 1077 editio-

141 1114 278 1164 nibus,
301 1128 400 1170 quas
421 1113 544 1170 vulgo
564 1113 762 1154 habemus
783 1115 827 1154 in
847 1114 1048 1156 manibus.
1112 1116 1321 1157 Caeterum
1341 1117 1533 1173 cognovi,
1555 1131 1647 1158 eam

147 1209 232 1236 esse
251 1209 408 1235 meram
428 1194 715 1248 repetitionem
737 1194 900 1235 Aldinae
919 1197 1111 1246 secundae,
1134 1197 1301 1238 servatis
1336 1197 1476 1248 etiam,
1512 1199 1647 1239 omni-

143 1278 220 1319 bus
240 1278 283 1318 in
304 1278 416 1326 locis,
435 1276 688 1317 crassissimis
709 1291 929 1330 operarum
944 1277 1063 1318 vitiis.
1123 1278 1193 1319 De
1208 1279 1430 1321 lectionum
1445 1294 1647 1323 consensu

144 1359 332 1400 Varietas
354 1358 564 1399 Lectionis
584 1357 814 1399 testabitur:
837 1357 889 1399 de
909 1359 1015 1400 vitiis
1045 1360 1369 1417 typographicis,
1391 1376 1484 1417 quae
1503 1362 1547 1403 in
1567 1368 1647 1403 ter-

143 1441 205 1482 tia
225 1440 380 1480 Aldina
401 1438 610 1480 interdum
631 1438 849 1480 emendata
869 1448 979 1491 sunt,
1015 1455 1069 1481 ne
1089 1441 1179 1496 quis
1211 1441 1386 1493 dubitet,
1423 1442 1647 1498 specimina

144 1535 278 1576 pauca
297 1534 451 1575 ponere
471 1519 616 1575 placet.
637 1520 692 1561 Il.
711 1521 761 1565 β’.
788 1522 880 1561 107.
903 1526 1053 1575 <vafinus
1075 1529 1250 1579 utraque
1270 1524 1356 1566 sola
1379 1523 1518 1566 habet.
1548 1524 1645 1565 ibid.

145 1606 243 1643 246.
258 1609 396 1642 autem
411 1602 612 1653 ἐικςιτόμυτε
625 1616 720 1642 cum
732 1601 864 1642 tertia.
877 1601 932 1642 Il.
946 1599 979 1642 ι’.
999 1606 1094 1644 512.
1110 1607 1328 1656 χαληπαιίνοι.
1347 1606 1392 1643 λ’.
1406 1607 1430 1646 7
1434 1610 1503 1646 41.
1516 1606 1645 1646 καλκί-

145 1699 201 1736 ςει.
233 1682 282 1732 μ’.
315 1683 382 1722 87.
419 1681 520 1720 πέντοι
539 1696 617 1736 pro
637 1682 807 1734 πένταχα.
829 1682 926 1723 ibid.
953 1686 1044 1724 163.
1066 1686 1154 1733 35⁸3ae
1173 1698 1251 1739 pro
1267 1683 1355 1730 2113ae
1374 1693 1451 1728 etc.
1511 1687 1646 1744 Igitur

146 1776 196 1803 ea
214 1760 330 1803 facile
350 1769 502 1812 careat,
524 1763 594 1817 qui
617 1762 807 1803 Aldinam
823 1765 1028 1804 secundam
1048 1763 1185 1807 habet.

209 1845 404 1901 Sequitur
437 1845 545 1886 hanc
575 1846 840 1889 Lovaniensis
866 1863 889 1888 e
921 1848 1104 1890 Martini
1133 1850 1349 1893 Alostensis
1383 1851 1547 1895 officina
1577 1867 1644 1896 an.

154 1932 278 1970 1523.
312 1935 350 1970 4.
382 1929 496 1984 cujus
527 1929 737 1971 Fabricius
765 1930 810 1970 in
839 1931 950 1972 Bibl.
990 1931 1067 1973 Gr.
1097 1940 1259 1974 tanturn
1288 1934 1457 1976 alteram
1486 1945 1647 1991 partem

149 2019 461 2061 commemorat,
495 2011 540 2051 in
561 2025 642 2067 qua
662 2019 723 2052 est
760 2011 950 2066 Odyssea,
982 2021 1022 2054 et
1042 2013 1209 2069 quidem
1239 2016 1338 2056 anni
1372 2020 1493 2058 1535.
1524 2033 1648 2074 quem

148 2110 305 2137 annum
335 2096 372 2137 ei
393 2096 516 2137 etiam
546 2096 736 2154 adsignat
758 2097 820 2138 Cl.
854 2097 1135 2139 Vallcenarius:
1188 2099 1258 2140 sed
1279 2115 1326 2141 ea
1345 2101 1534 2156 repetitio
1562 2103 1649 2157 pri-

151 2178 233 2219 oris
266 2179 317 2219 sit
336 2192 499 2219 necesse
533 2186 605 2219 est.
668 2177 796 2219 Hanc
826 2177 1075 2220 destinaram
1095 2188 1136 2221 et
1170 2180 1301 2235 ipsam
1331 2181 1517 2223 conferre
1551 2198 1647 2224 cum

150 2260 308 2301 caeteris
325 2259 589 2310 editionibus,
609 2267 649 2300 et
673 2259 868 2301 lectiones
888 2268 1033 2302 notare
1045 2261 1089 2302 in
1109 2269 1259 2303 caetera
1273 2264 1487 2313 varietate;
1520 2264 1647 2308 sedin

148 2355 199 2381 eo
219 2340 321 2381 mihi
340 2340 506 2382 fortuna
529 2341 742 2382 adversata
761 2349 832 2382 est.
881 2340 988 2398 ‘Ipse
1016 2350 1179 2388 tantum
1203 2343 1384 2400 Odysseae
1413 2346 1649 2401 exemplum

147 2419 297 2471 habeo,
320 2422 432 2477 quod
453 2437 475 2463 e
498 2421 754 2464 Bibliotheca
788 2423 903 2464 Frid.
940 2423 1098 2465 Menzii
1131 2425 1222 2466 emi.
1281 2425 1422 2466 Iliada
1450 2427 1650 2481 putabam

148 2515 216 2542 me
246 2516 371 2557 penes
406 2518 474 2543 me
499 2502 666 2554 habere,
701 2503 814 2560 quod
835 2504 1028 2556 sciebam,
1066 2505 1137 2547 ubi
1157 2515 1260 2548 esset
1289 2506 1497 2565 integrum
1528 2508 1650 2564 hujus

150 2582 340 2625 editionis
361 2585 608 2640 exemplum.
671 2584 839 2627 Etenim
858 2586 1089 2638 Macherus,
1114 2586 1325 2628 Professor
1344 2588 1387 2629 in
1418 2588 1650 2644 Gymnasio

152 2666 323 2708 Gerano
345 2667 605 2719 clarissimus,
627 2669 777 2710 acerbo
796 2669 881 2710 fato
901 2677 998 2711 ante
1016 2684 1170 2725 paucos
1189 2684 1334 2721 annos,
1357 2679 1398 2712 et
1419 2670 1650 2727 Gymnasio

148 2747 205 2788 illi
225 2756 266 2789 et
285 2748 411 2789 literis
430 2758 609 2805 ereptus,
639 2749 744 2790 mihi
763 2750 940 2801 dixerat,
962 2765 1004 2792 se
1024 2751 1288 2793 Lovaniensis
1306 2751 1541 2808 exemplum
1560 2751 1652 2807 pul-

150 2826 400 2871 chen-imum
421 2829 589 2872 habere:
622 2830 850 2886 utprimum
880 2839 1079 2886 peterem,
1110 2841 1263 2887 praesto
1291 2833 1489 2876 futurum.
1550 2832 1655 2886 Ejlffi
