1820 3158
681 190 988 241 ἸΛΙΑΔΟΣ
1030 189 1106 239 Α’.

1557 189 1624 239 13

173 344 245 394 50
284 338 466 410 Ουξηας
492 360 573 408 μεν
597 359 756 409 πξωτον
782 336 999 405 ἐπῴχετο,
1027 334 1106 385 καὶ
1134 331 1267 392 κύνας
1290 333 1472 405 ἀξγούς·

278 412 476 483 Ain-0⁸⁶5
469 409 602 464 ἔπειτ
632 411 804 462 αὐτοῖσι
825 409 1003 474 βέλος’
991 430 1229 480 εχεπευκες
1256 407 1404 473 ἐφιεὶς,

279 487 455 539 Βάλλ’·
482 486 568 537 αἰεὶ
597 485 641 537 δὲ
626 508 802 558 επυξαι
833 482 979 536 νεκύων
1006 484 1179 535 καίοντο
1208 480 1428 552 θαμειαί·

277 561 498 632 Ἐννῆμαξ
525 583 604 630 μεν
625 560 712 612 divo}
740 557 976 631 ffrgoerbv'
953 557 1099 628 ῴγετο
1126 560 1251 616 κηλα
1279 560 1417 608 &2070-

282 638 354 707 Τῆ
381 635 547 708 δεκάτῃ
576 635 613 687 δ’
644 633 856 707 ἀγοξῇνόε
883 634 1150 685 καλέσσατο
1177 630 1287 684 λαον
1311 627 1585 702 Ἀχιλλεύς

222 784 265 814 50
287 783 396 814 Mulos
411 782 537 822 quidem
553 780 693 821 primum
708 779 830 816 invasit,
847 785 878 810 et
892 789 984 809 canes
998 778 1130 809 veloces.

287 836 348 867 Sed
362 842 467 876 postea
481 835 556 876 ipsis
575 834 773 877 [hominibus]
791 834 936 875 sagittam
950 833 1145 863 mortiferam
1158 831 1332 863 immittens

284 891 312 921 F
313 891 443 921 eriebat:
466 897 615 930 perpetuo
629 895 736 919 autem
749 888 818 930 rogi
833 888 1018 920 cadaverum
1034 887 1183 917 ardebant
1196 886 1381 928 frequentes,

285 944 409 976 Novem
425 945 492 976 dies
507 944 634 985 quidem
649 953 704 983 per
719 943 889 974 exercitum
906 942 993 973 ibant
1008 941 1128 982 sagittae
1144 940 1216 972 Dei.

284 998 421 1029 Decimo
435 1005 542 1030 autem
556 998 597 1029 ad
612 997 797 1028 concionem
811 997 932 1028 vocavit
945 996 1100 1037 populum
1115 995 1273 1033 Achilles;

281 1092 332 1121 48.
348 1089 400 1132 ἱδν]
415 1089 462 1120 Fl.
489 1088 562 1119 Ald.
579 1092 610 1120 2.

391 1150 470 1175 tura.
480 1145 569 1174 bene.

139 1259 342 1291 Comicorum
367 1261 482 1291 lambis
497 1266 625 1295 constat,
658 1270 780 1299 semper
795 1270 862 1290 cor-

135 1303 277 1343 ripitur3)
322 1303 356 1333 in
393 1304 516 1333 heroico
552 1303 698 1338 carmine,
737 1310 862 1342 propter

133 1347 313 1386 positionem
328 1346 427 1381 istam,
445 1346 551 1386 (sicuti
577 1346 610 1375 in
625 1346 748 1375 Latinis
770 1355 860 1376 voca-

136 1388 227 1424 bulis,
264 1389 402 1424 tenebrae‚
439 1391 577 1424 volucris,
615 1394 646 1419 et
679 1388 859 1429 similibus‚)

137 1431 269 1470 produci
282 1438 392 1471 potest.

181 1477 210 1505 5.
239 1474 362 1515 Syllaba
392 1480 504 1506 natura
525 1475 634 1511 brevia
657 1475 692 1505 in
725 1476 862 1506 Vocalem

135 1518 249 1549 brevem
275 1517 428 1554 desinens,
455 1525 491 1549 ut
517 1521 564 1553 τὶς
591 1520 730 1550 vocabulo
752 1521 858 1558 proxi-

137 1571 183 1592 me
207 1563 351 1601 sequenti,
367 1572 386 1592 a
405 1563 522 1592 duabus
548 1562 786 1593 Consonantz'bus
810 1561 859 1591 in-

137 1603 288 1642 cipiente3
325 1611 449 1644 propter
476 1605 568 1636 istam
600 1607 782 1644 posztionem
811 1604 861 1634 iti-

136 1645 209 1677 dem
229 1647 360 1686 produci
384 1654 491 1687 potest
536 1648 590 1684 Ut,
610 1666 650 1671 -—
666 1649 723 1682 Τάς
747 1660 778 1679 τε
802 1650 865 1691 egea*

139 1690 281 1729 ἐσσύμενός
298 1703 359 1733 περ.

180 1737 210 1764 6.
236 1735 351 1764 Ultima
363 1734 516 1775 cujusque
525 1744 629 1765 versus
644 1733 769 1775 syllaba,
781 1744 858 1774 qua-

137 1775 300 1826 liscunque
325 1787 362 1807 ea
391 1777 430 1807 sit
455 1783 574 1813 natura,
599 1783 631 1808 et
655 1788 673 1807 a
698 1777 861 1818 qualicun-

138 1829 200 1859 que
223 1819 352 1859 incipiat
383 1821 503 1850 Versus
528 1830 679 1861 sequens;
713 1831 776 1850 non
811 1821 863 1861 (ut

140 1862 346 1893 Grammatici
375 1862 564 1904 loquuntur)
597 1866 773 1899 communis,
802 1863 856 1893 sed

137 1915 259 1945 semper
274 1907 445 1936 necessario
458 1909 549 1946 longa
566 1913 619 1942 est,
633 1912 757 1946 propter
769 1909 857 1937 Pau-

137 1958 201 1979 sam
226 1948 327 1985 istam,
354 1960 424 1990 qua„
451 1950 484 1979 in
506 1950 568 1980 fine
591 1960 706 1985 versus,
734 1949 859 1989 syllabae

137 1990 259 2021 ultimae
293 1993 513 2031 pronunciatio
542 1994 715 2023 necessario
742 1993 858 2031 produ-

137 2033 227 2064 citur.
271 2035 377 2076 Atque
392 2036 465 2065 hinc
478 2037 528 2077 (ut
543 2036 576 2066 id
587 2036 685 2066 obiter
697 2036 858 2076 moneam)

138 2083 273 2117 apparet,
297 2079 500 2118 quamobrem
515 2079 550 2109 in
572 2079 638 2109 solo
664 2089 755 2109 versu
771 2080 858 2109 Ana-

133 2123 260 2160 poestico
282 2121 400 2161 syllaba
425 2124 545 2157 ultima,
571 2122 619 2152 vel
644 2123 746 2152 Vocali
769 2124 859 2161 longa

137 2163 187 2193 vel
218 2166 454 2196 Consonantium
485 2176 642 2201 concursu,
668 2164 858 2204 producatur

138 2216 263 2237 necesse
277 2207 325 2238 sit.
349 2208 410 2237 Pes
425 2208 575 2238 nimirum
592 2210 786 2248 Anapaestus‚
803 2209 857 2248 qui

136 2259 158 2279 a
180 2249 303 2289 syllabis
330 2251 475 2281 brevibus
499 2251 651 2290 incipiens
673 2251 706 2280 in
728 2251 857 2291 longam

136 2292 262 2331 desinit,
297 2294 471 2333 graviorem
511 2294 544 2323 in
580 2296 690 2326 ultima
733 2294 858 2334 syllaba,

138 2345 234 2376 quam
254 2334 379 2367 Pedum
400 2337 480 2367 alius
500 2336 608 2377 quivis,
631 2337 859 2376 pronunciandi

136 2378 236 2409 ictum
259 2379 381 2419 excipit.
426 2380 532 2416 Quam
555 2381 594 2410 ob
616 2390 743 2411 causam
764 2390 862 2419 pausa

136 2420 203 2457 ista,
226 2432 291 2462 qua
311 2422 414 2453 omnis
435 2424 470 2453 in
491 2423 673 2454 universum
694 2433 800 2454 versus
824 2423 861 2453 fi-

138 2464 233 2500 nitur,
259 2465 293 2495 in
312 2467 372 2496 hoc
397 2476 462 2496 uno
488 2476 595 2496 versus
619 2477 733 2508 genere
757 2467 862 2497 minor

138 2517 229 2547 aequo
253 2508 356 2544 fuerit,
382 2509 443 2539 nisi
467 2509 516 2539 vel
539 2510 651 2540 ultima
678 2510 795 2550 syllaba
823 2510 863 2540 sit

138 2550 235 2580 etiam
248 2550 326 2582 alias
346 2551 450 2592 longa,
476 2552 525 2582 vel
553 2553 707 2583 sententia
729 2553 796 2592 ipsa
821 2553 862 2583 si-

138 2592 208 2622 mul
230 2603 304 2624 cum
329 2605 419 2625 versu
444 2594 578 2626 finiatur.
635 2597 732 2626 Hanc
757 2606 862 2626 versus

140 2637 333 2675 Anapoestz‘ci
347 2638 565 2677 proprietatem
581 2639 710 2670 Primus
731 2645 762 2669 et
776 2639 862 2669 solus

139 2678 365 2710 Recentiorum
393 2682 567 2712 observavit
594 2682 688 2723 longe
714 2683 861 2712 omnium

138 2721 349 2753 Doctissimus
365 2725 456 2755 Rich.
471 2727 637 2756 Bentleius.
668 2724 805 2756 Videtur
815 2732 860 2756 ta—

139 2774 215 2795 men
240 2766 300 2795 hoc
329 2776 392 2796 non
416 2767 575 2806 ignorasse
607 2768 795 2799 Scholiastes
826 2768 859 2798 in

139 2809 344 2848 AEschylum;
366 2809 430 2844 Qui
445 2809 486 2840 ad
500 2820 626 2841 versum
638 2811 744 2848 istum,
770 2814 855 2843 Pers.

139 2852 211 2881 591.
227 2850 384 2894 [degentum
399 2853 560 2901 βασιλείαν]
584 2856 629 2885 Τὰ
650 2856 771 2886 τοιαῦτα
786 2856 859 2885 πάν-

140 2905 182 2924 τα
210 2896 341 2928 wrm-mot
371 2894 504 2937 (inquit)
533 2898 644 2941 μικρὸν
673 2898 738 2939 ’ἔχει
768 2898 802 2930 τὸ
830 2904 859 2929 σῖ

658 1092 697 1120 51
722 1088 827 1132 ἀφιεὶς]
844 1088 919 1120 Ald.
935 1092 963 1120 2.
978 1092 1008 1120 5.
1028 1088 1055 1120 Ι.
1074 1088 1169 1119 Rom.
1195 1086 1247 1119 Sic
1269 1087 1434 1119 Dawesius
1447 1087 1487 1119 de
1507 1087 1627 1129 conjec-

907 1260 1001 1296 Quod
1020 1262 1075 1291 isto
1090 1260 1124 1290 z'n
1135 1261 1197 1291 loco
1211 1260 1312 1291 notari
1328 1261 1366 1292 ab
1381 1270 1418 1290 eo
1439 1270 1502 1290 non
1517 1260 1625 1298 potuit.

904 1303 958 1343 qui
990 1303 1137 1332 ultimam
1165 1303 1318 1344 cujusque
1347 1314 1452 1333 versus
1476 1303 1628 1343 syllabam

905 1357 1090 1377 communem
1106 1346 1251 1376 crederet.

947 1392 977 1420 7.
1001 1389 1075 1419 Non
1099 1388 1193 1418 modo
1215 1389 1249 1419 in
1265 1389 1326 1419 fine
1355 1391 1470 1420 Versus
1484 1395 1540 1419 aut
1555 1391 1627 1420 Sen-

904 1434 1018 1468 tentiae,
1043 1431 1096 1462 sed
1117 1432 1212 1462 etiam
1234 1432 1268 1461 in
1291 1432 1354 1462 fine
1384 1434 1477 1468 Vocis,
1503 1438 1627 1472 propter

907 1478 1043 1507 Pansam
1058 1485 1121 1515 qua
1143 1485 1202 1505 vox
1225 1474 1341 1511 finitur,
1367 1475 1484 1516 syllaba
1509 1475 1627 1516 alioqui

901 1519 1002 1549 brevis
1015 1517 1145 1558 produci
1158 1523 1268 1557 potest.
1313 1518 1367 1554 Ut,
1396 1519 1480 1555 βέλος
1504 1520 1626 1559 ἐχεπευ-

903 1564 1004 1596 κὲς-.
1040 1561 1136 1597 Quod
1152 1561 1268 1591 scilicet
1287 1561 1331 1592 ita
1345 1562 1410 1592 fere
1436 1561 1624 1601 pronuncia-

904 1606 1002 1641 batur,
1019 1614 1054 1634 ac
1070 1605 1096 1634 si
1110 1604 1259 1643 scriptum
1273 1604 1389 1640 fuisset,
1405 1607 1504 1636 beloss.
1548 1605 1624 1635 Ete-

903 1648 971 1678 nim
991 1649 1094 1680 Graecz'
1109 1647 1232 1686 plenius
1247 1653 1278 1677 et
1299 1648 1488 1687 productiori
1504 1648 1624 1687 spiritu,

902 1701 998 1732 quam
1023 1692 1165 1726 Romani,
1201 1691 1332 1730 syllabas
1354 1691 1493 1732 singulas
1517 1691 1626 1722 effere-

902 1736 986 1765 bant.
1033 1734 1073 1764 Id
1086 1733 1172 1774 quod
1191 1744 1229 1764 ex
1244 1744 1282 1764 eo
1296 1734 1400 1775 liquet,
1419 1734 1503 1775 quod
1523 1736 1627 1766 Graecz'

906 1777 1040 1808 Vocales
1055 1777 1150 1807 eliam
1174 1778 1279 1813 breves,
1295 1777 1328 1807 in
1350 1777 1477 1808 diversis
1492 1779 1626 1808 vocabu·

905 1820 944 1851 lis
980 1825 1208 1855 concurrentes,
1245 1823 1356 1860 scepz'us
1393 1831 1458 1851 non
1494 1821 1626 1858 elidant;

899 1875 973 1894 cum
999 1865 1136 1895 Romani
1168 1872 1233 1892 non
1258 1865 1356 1895 breves
1385 1863 1488 1900 modo,
1515 1864 1570 1894 sed
1595 1869 1627 1894 et

900 1910 1007 1948 longas
1021 1918 1135 1946 semper
1150 1917 1260 1942 omnes,
1284 1913 1314 1937 et
1337 1909 1553 1939 Consonantem
1576 1907 1625 1937 in-

902 1961 995 1990 super
1009 1962 1048 1986 m,
1065 1956 1096 1980 et
1110 1949 1188 1980 olim
1203 1960 1217 1980 s
1232 1960 1356 1991 quoque
1379 1950 1538 1981 eliderent.

945 1997 973 2024 8.
997 1993 1049 2024 Fit
1074 1995 1132 2023 hoc
1153 1993 1307 2032 praecipue
1333 1994 1367 2023 in
1395 1996 1527 2029 Caesura,
1552 1993 1625 2034 quia

902 2037 1002 2077 major
1031 2047 1068 2066 eo
1097 2035 1206 2066 incidit
1238 2036 1507 2075 pronunciationis
1536 2037 1625 2067 ictus.

904 2080 986 2110 Fieri
1000 2085 1107 2110 tamen
1123 2084 1226 2118 potest
1246 2080 1340 2110 etiam
1356 2086 1439 2111 eura
1459 2082 1624 2115 Caesuram,

902 2123 928 2152 si
948 2125 1121 2154 Consonans
1145 2121 1185 2151 sit
1201 2128 1314 2153 natura
1337 2125 1452 2159 durior,
1476 2129 1508 2153 et
1521 2125 1624 2161 dupli-

900 2168 968 2197 cari
981 2166 1085 2204 solita;
1109 2164 1158 2195 vel
1194 2167 1312 2197 Vocalis
1333 2173 1479 2206 sequatur
1503 2168 1623 2206 aspira-

900 2215 942 2240 ta.
988 2210 1040 2245 Ut,
1058 2210 1157 2251 Αὐτὰρ
1171 2209 1196 2238 οἱ
1211 2212 1331 2252 Προῖτος
1347 2227 1398 2240 ·-·.
1443 2210 1538 2239 Nam.

945 2257 972 2284 9.
996 2253 1040 2282 Et
1050 2258 1174 2292 propter
1188 2254 1423 2284 Consonantem
1433 2255 1625 2292 asperiorem,

901 2305 972 2335 quae
986 2298 1078 2336 quasi
1091 2297 1200 2336 duplex·
1214 2295 1316 2326 efferri
1330 2296 1420 2326 solita
1439 2295 1486 2330 sit,
1509 2295 1628 2335 syllaba

902 2338 1020 2379 alioqui
1045 2339 1155 2375 brevis,
1181 2339 1276 2371 etiam
1301 2350 1362 2369 non
1389 2341 1423 2368 in
1441 2340 1512 2379 fine
1538 2341 1625 2376 vocis,

903 2382 1035 2420 produci
1054 2388 1162 2422 potest.
1207 2383 1268 2420 Ut;
1294 2382 1384 2424 ’'Ageg,
1404 2382 1500 2424 ’'Aqe5,
1525 2388 1626 2425 Ego-ro·
1646 2387 1648 2391 '

904 2426 986 2466 λωγὲ
1001 2443 1054 2455 -.
1097 2426 1157 2456 Est
1174 2425 1259 2456 enim
1276 2425 1364 2454 litera
1389 2439 1412 2467 g,
1438 2426 1627 2463 pronuncia-

904 2473 940 2497 tu
954 2468 1130 2523 asperrima,
1146 2474 1179 2499 et
1191 2468 1341 2499 facillime
1362 2467 1554 2507 duplicatur·
1580 2469 1628 2500 Ut

904 2523 954 2553 βίω
970 2512 1025 2554 έῤῥέ
1016 2526 1062 2543 --oy

951 2557 998 2585 10.
1023 2555 1067 2585 Et
1081 2560 1206 2595 propter
1222 2553 1373 2584 Vocalem
1388 2555 1568 2594 Aspiratam
1592 2556 1627 2585 in

905 2607 979 2628 voce
995 2598 1135 2637 proxima
1158 2603 1347 2638 sequentem,
1374 2597 1486 2627 ultima
1510 2607 1625 2647 praece·

904 2640 1007 2670 dentis
1021 2640 1150 2679 produci
1166 2646 1274 2680 potest.
1321 2639 1454 2680 Spiritus
1473 2641 1558 2671 enim
1574 2653 1625 2672 os-

900 2694 958 2722 per
970 2693 1050 2722 saepe
1064 2690 1215 2724 tanquam
1239 2685 1412 2715 Consonans
1437 2685 1625 2723 pronuncia-

903 2728 1006 2764 batur,
1023 2726 1072 2756 vel
1094 2733 1243 2766 tanquam
1269 2728 1429 2758 AEolicum
1445 2728 1625 2766 Digamma.

905 2769 959 2804 Ut,
983 2786 1026 2793 —
1051 2771 1117 2809 φιλὲ
1149 2770 1233 2811 ἑκυρὲ,
1259 2768 1338 2804 δεινος
1363 2781 1405 2800 τε·
1448 2769 1627 2810 Legebatur

903 2812 976 2847 fere,
1000 2812 1187 2852 tanquamsi
1202 2812 1353 2852 scriptum
1375 2813 1491 2849 suisset,
1516 2815 1626 2854 φιλὲφφ

907 2853 1000 2898 {nugi}
1014 2853 1093 2889 δξΙνθς
1109 2868 1150 2886 Τξ-

950 2901 1000 2930 11.
1023 2898 1111 2935 Quin
1126 2904 1156 2931 et
1165 2898 1517 2940 Diphtlzongiquaedam‚
1533 2899 1628 2930 etiam
