1820 3158
891 150 942 196 xi

160 293 322 335 augere
343 276 494 319 molem
513 277 618 319 libri.
679 277 819 319 Etiam
837 278 883 319 in
905 278 1113 320 Varietate
1142 278 1324 321 lectionis
1344 280 1567 336 interposui
1597 284 1660 326 in-

171 359 333 401 terdum
344 358 546 414 judicium
564 372 729 408 ‚meum‚
752 359 785 401 si
805 358 995 401 studiosis
1014 375 1062 401 ea
1090 375 1136 401 re
1154 375 1316 415 possem
1335 361 1446 402 hunc
1481 362 1659 406 laborem

168 448 355 482 nostrum
373 439 578 484 utiliorem
596 438 766 480 efficere.
829 439 880 481 In
894 440 1002 482 notis
1025 441 1258 483 Clarkianis
1277 441 1358 483 hoc
1370 442 1660 496 permolestum

162 522 431 565 acciditruno
448 530 591 564 tenore
618 521 780 578 legenti,
805 521 918 577 quod
946 522 1091 563 wdem
1110 522 1462 564 observatiuncula
1481 538 1518 564 v·
1540 538 1575 564 c.
1607 524 1659 564 de

156 602 208 643 wi
231 601 616 652 ‘eaesuraefinfinitis
644 601 757 653 locis,
793 602 838 651 in
873 602 1052 658 qualibet
1080 603 1167 644 fere
1184 603 1338 660 pagina
1371 603 1583 657 repetitur:
1617 612 1658 645 et

156 690 253 724 >erat
281 683 343 724 vir
363 683 633 733 doctissimus,
665 683 735 738 qui
755 697 822 724 eas
845 682 1107 737 repetitiones
1137 682 1313 725 submas
1330 691 1510 738 cuperet.
1573 683 1656 725 Sed

162 777 242 819 ego
271 761 375 804 nihil
392 771 552 804 mutare
572 763 629 804 .in
649 762 727 805 hac
760 777 806 804 re
825 778 946 805 ausus
966 778 1072 815 sum,
1106 764 1178 819 qui
1203 765 1408 806 Clarkium
1442 764 1654 819 putabam,

154 857 256 884 cum
269 843 450 898 primum
470 843 661 886 volumen
681 843 768 898 ipse
787 843 975 894 ediderit,
998 844 1081 899 ejus
1104 844 1163 884 rei
1184 859 1368 886 caussam
1382 844 1585 896 habuisse,
1607 855 1653 887 ut

158 923 327 978 opinor,
341 923 464 974 hanc,
486 933 547 974 ut,
564 938 810 980 quocunque
823 925 870 965 in
888 923 979 971 loeo
997 924 1143 980 aliquis
1156 939 1198 966 se
1218 923 1271 965 ad
1285 923 1504 981 legendum
1519 925 1651 976 daret,

157 1015 322 1061 paratas
348 1007 517 1049 haberet
528 1006 837 1049 admonitiones
863 1007 917 1048 de
935 1007 983 1048 iis
1002 1007 1139 1058 rebus,
1161 1022 1255 1063 quae
1276 1007 1398 1065 vulgo
1417 1023 1502 1049 non
1529 1008 1648 1059 bene,

159 1096 231 1129 aut
261 1089 434 1130 omnino
459 1103 547 1129 non
575 1088 908 1145 intelligerentur.
970 1088 1116 1144 Neque
1147 1088 1258 1129 enim
1283 1103 1427 1130 omnes
1446 1088 1499 1129 ab
1532 1089 1651 1130 initio

149 1167 255 1209 inde
273 1168 429 1225 legunt,
446 1168 670 1223 eademque
690 1168 1012 1217 continuatione,
1029 1168 1214 1209 carmina
1233 1169 1420 1218 Homeri,
1443 1176 1488 1210 ut
1507 1169 1556 1209 iis
1576 1168 1649 1210 ob-

158 1249 405 1290 servationes
431 1248 517 1288 illae
538 1262 696 1302 semper
731 1256 913 1290 recentes
932 1248 976 1288 in
1006 1247 1180 1304 legendo
1200 1248 1296 1298 sint,
1327 1257 1367 1290 et
1385 1249 1429 1289 in
1464 1257 1649 1304 tempore

154 1327 309 1383 ubique
329 1335 559 1371 occurrant.

142 1428 146 1432 ⁷
213 1407 284 1449 Ad
294 1407 694 1464 beneintelligendos
707 1408 849 1462 po'etas
864 1407 1001 1462 epicos
1017 1414 1059 1448 et
1072 1406 1234 1448 suavius
1249 1406 1443 1463 legendos
1454 1408 1647 1463 prodesse

147 1488 345 1538 arbitror,
354 1488 506 1530 seriem
523 1488 805 1543 totiusoperis
824 1502 872 1529 ac
893 1501 1095 1528 summam
1116 1488 1348 1543 argumenti
1369 1496 1521 1529 tenere:
1552 1503 1645 1538 nec,

144 1583 243 1611 ‚mea
276 1568 329 1610 de
358 1568 585 1618 sententia„
608 1568 823 1624 quisquam
844 1575 939 1609 ante
970 1567 1137 1608 accedat
1166 1567 1219 1608 ad
1254 1567 1488 1624 legendum,
1521 1583 1644 1623 quam

132 1649 320 1705 :cognita
346 1648 416 1691 tali
437 1655 675 1698 summa,·et
705 1650 870 1701 οἰκονομίᾳ
892 1647 1124 1692 Carminis„
1170 1647 1318 1703 Itaque
1353 1657 1644 1705 argumentum

150 1729 351 1780 universae
363 1730 521 1777 Iliados
544 1728 731 1783 adjunxi,
752 1727 1005 1784 similemque
1025 1742 1229 1785 summam
1247 1728 1293 1768 in
1313 1728 1445 1783 capite
1463 1728 1645 1784 Odysseae

128 1809 273 1856 .-,dabo‚.
367 1860 370 1861 ⁷
1188 1847 1195 1856 ,
1293 1851 1295 1855 ,

208 1889 318 1930 Haec
348 1897 458 1939 sunt,
481 1887 782 1938 GESNERE‚
806 1887 883 1929 Vir
912 1887 1074 1929 illustris
1094 1896 1216 1943 atque
1240 1887 1515 1945 celeberrime,
1548 1903 1643 1944 quae

143 1971 190 2013 in
209 1969 288 2022 hac
308 1969 488 2010 editione
509 1970 680 2011 Homeri
699 1968 762 2010 vel
779 1967 871 2018 feci,
894 1968 957 2011 vel
975 1967 1107 2024 facere
1126 1968 1296 2011 institui.
1356 1968 1408 2009 In
1430 1969 1477 2010 iis
1498 1970 1530 2010 si
1543 1985 1639 2024 ope-

132 2064 238 2101 ram
247 2050 408 2101 navavi,
425 2049 566 2091 utilem
573 2049 786 2098 studiosis,
804 2056 844 2089 et
861 2047 901 2090 T
903 2047 989 2088 IBI
1002 2047 1235 2102 probatam,
1252 2047 1435 2102 impense
1451 2048 1636 2089 laetabor:

144 2129 217 2181 sed
232 2148 236 2153 ¹
250 2129 381 2181 multo
400 2129 548 2186 magis,
581 2129 614 2169 si
646 2128 733 2170 TU
766 2127 847 2168 hoc
866 2127 1154 2168 munusculum
1188 2127 1248 2168 ita
1275 2129 1493 2183 acceperis,
1531 2136 1576 2168 ut
1595 2129 1639 2169 id

118 2210 297 2264 ‘TI-BL
328 2211 364 2261 §i
383 2225 468 2258 non
488 2224 563 2266 per
597 2224 654 2259 se,
684 2217 728 2251 at
746 2223 839 2250 mea¹
872 2223 1013 2250 caussa
1031 2216 1198 2265 gratum
1226 2208 1289 2249 sit.
1351 2207 1497 2263 Neque
1526 2209 1637 2249 enim

122 2273 475 2351 *iamt-uwappem
492 2290 573 2340 hoc
593 2289 865 2347 qualicunque
884 2289 1023 2330 labore
1042 2288 1196 2344 aliquid
1216 2302 1336 2329 novae
1356 2287 1502 2338 laudis,
1524 2289 1637 2343 cujus

116 2416 121 2422 A
141 2363 285 2426 studio,
293 2372 481 2429 profecto
501 2372 799 2427 minus,‚qua1n
819 2370 909 2427 quis
929 2370 1084 2420 credat,
1106 2369 1255 2419 ducor,
1276 2375 1492 2409 contentus
1513 2368 1635 2409 bonae

139 2453 361 2508 voluntatis
388 2452 652 2505 conscientia,
683 2459 883 2508 quantum
905 2449 1035 2498 TlBI
1065 2449 1128 2490 vel
1146 2449 1232 2504 ipse
1255 2462 1340 2488 non
1370 2447 1631 2502 injucundus,

138 2534 315 2585 velmea
333 2541 549 2590 grataesse
569 2533 703 2588 cupio.
765 2531 815 2573 In
837 2545 918 2586 quo
939 2545 1005 2570 me
1025 2530 1148 2570 etiam
1163 2528 1254 2569 haec
1273 2541 1378 2582 speS,
1401 2527 1534 2568 inanis
1549 2526 1631 2576 illa,

109 2651 114 2653 .
137 2614 324 2664 fortasse,
343 2613 415 2654 sed
434 2603 701 2668 spestaxnen,
719 2611 907 2660 delectat,
928 2609 1032 2659 fore,
1054 2617 1099 2649 ut
1112 2607 1302 2649 amicitiae
1322 2614 1490 2656 nostrae,
1513 2614 1553 2647 et
1568 2606 1631 2646 in-

109 2694 344 2745 ,credibilis
370 2694 451 2741 mei
471 2708 568 2750 erga
599 2692 680 2734 TE
700 2691 850 2733 amoris
879 2689 1093 2738 memoria,
1126 2687 1204 2728 hac
1220 2686 1294 2728 tali
1313 2687 1398 2742 ejus
1425 2684 1632 2743 significa—

124 2775 251 2825 ²¹tione
278 2789 375 2828 qum
394 2774 568 2817 Homeri
595 2786 719 2827 opere
739 2750 1028 2829 conjungenda
1060 2767 1113 2809 ad
1134 2781 1244 2809 seros
1264 2775 1449 2822 posteros
1481 2779 1631 2821 propa-
