1783 3158
657 187 960 238 ἸΛΙΑΔΟΣ
1002 186 1070 235 B'.
1515 188 1589 238 89

244 333 367 386 Ez'z‘
396 331 459 383 ἔτι
487 333 525 383 ‹r’
555 333 823 404 ἀφραίνοντα
849 333 1120 401 naxio-optat,
1149 330 1202 389 ὥς
1231 330 1275 381 νύ
1301 354 1378 402 mg
1406 332 1502 396 εἶδε,

245 407 415 464 Mv‘mw’
438 404 568 457 ἔπειτ’
596 406 797 464 Ὀδυσῆϊ
819 408 933 477 κάξη
960 405 1140 475 ὅμοια-ιν
1167 406 1300 463 ἐπείη,

99 482 205 534 260
242 479 362 539 Μηδ’
389 478 453 531 ἔτι
480 482 782 550 Τηλεμάχοιο
808 481 953 552 παπ-ἦς
981 479 1246 548 κεκλημένος
1276 479 1375 542 εἴην,

241 557 298 605 Εἰ
323 554 387 622 μὴ
417 555 506 619 ἐγώ
527 578 575 606 σε
604 553 778 617 λαβὼν,
808 552 896 606 ἀπὸ
920 553 1001 623 μὲν
1027 557 1146 620 φίλα
1175 554 1347 623 εἵματα
1375 551 1504 617 δύο-ω,

241 630 444 679 Χλαῖνάν
472 630 508 679 τ’
537 628 607 686 ἠδὲ
636 631 820 698 χιτῶνα,
847 630 907 679 τά
934 630 969 679 τ’
1000 629 1108 680 αι’δῶ
1133 626 1505 696 ἀμφικαλύπτει,

244 701 388 753 Αὑτὸν
416 701 459 753 δὲ
487 702 707 754 κλαίοντα
729 703 844 760 θοὰς
873 702 939 752 ἐπὶ
969 706 1067 760 νῆας
1089 703 1260 765 ἀφῆσω,

241 775 494 840 Πεπληγῶς
523 777 746 846 οἰγοξῆθεν
775 775 972 826 ἀεικέα-σι
1001 779 1238 847 πληγῇσιν.

99 852 206 903 265

241 927 432 984 Πλῆξεν·
474 923 551 974 ὁδ’
582 923 758 981 ἰδνώθη·
798 921 994 994 θαλεξόν
1023 923 1065 974 δε
1094 947 1129 974 οι
1159 945 1316 973 εκπεσε

1445 846 1510 865 xx!

307 848 407 906 “Ως
435 848 504 920 o’e'g’
533 848 630 914 ἔφη·
672 850 875 920 σκῆττξῳ
902 848 946 900 δὲ
972 851 1255 920 μετάφξενον,
1285 847 1354 905 ἠδὲ
1377 870 1456 898 και
1478 871 1581 917 ωμω

1054 922 1066 938 Ι
1121 921 1180 940 es!

1346 921 1502 992 δάκξυ.

242 997 424 1066 Σμῶὂιξ
452 996 484 1048 δ’
512 996 805 1066 αἱματόεσσα
831 997 1082 1069 μεταφξένε
1112 995 1393 1058 ἐξυπανέστη,

249 1165 267 1178 “
280 1159 383 1189 Sicubi
397 1159 509 1190 iterum
525 1164 555 1189 te
570 1159 782 1190 insanientem
797 1159 1040 1198 deprehendero,
1065 1159 1145 1189 sicut
1155 1160 1223 1200 jam
1245 1159 1305 1193 hic,

246 1219 264 1232 ‘⁸
280 1213 329 1243 Ne
343 1213 476 1252 amplius
492 1213 636 1252 deinceps
651 1213 757 1253 Ulyssi
773 1221 866 1252 caput
878 1224 970 1252 super
985 1214 1131 1244 humeros
1142 1214 1189 1249 sit,

162 1271 224 1298 260
247 1273 265 1286 “

281 1268 392 1307 Neque
403 1269 528 1307 posthac
544 1267 725 1297 Telemachi
741 1273 826 1305 pater
845 1278 942 1302 vocer,

248 1327 266 1340 ‘⁶
282 1321 389 1350 Sinon
411 1332 477 1361 ege,
495 1327 525 1350 te
540 1321 772 1359 comprehenso,
787 1327 856 1350 tuas
870 1320 997 1360 quidem
1013 1326 1110 1350 vestes
1126 1329 1248 1354 exuero,

246 1380 264 1394 “
279 1375 468 1414 Laenamque
483 1381 514 1404 et
528 1375 676 1409 tunicam,
694 1384 827 1414 quaeque
843 1374 990 1413 pudenda
1013 1380 1199 1414 contegunt3

246 1436 264 1450 “
280 1431 389 1469 Ipsum
405 1437 509 1460 autem
525 1431 653 1460 flentem
670 1431 789 1460 veloces
802 1431 841 1460 ad
860 1441 953 1461 naves
967 1431 1120 1461 demisero

244 1490 262 1503 “
279 1485 405 1515 Caesum
420 1496 437 1514 e
449 1485 597 1515 concione
608 1485 694 1515 duris
708 1485 918 1515 verberibus.”

158 1541 220 1570 265

311 1539 362 1569 Sic
378 1539 474 1569 dixit:
497 1546 680 1580 sceptroque
697 1546 822 1580 tergum
838 1546 929 1579 atque
944 1540 1091 1569 humeros

243 1594 415 1631 Percussit3
435 1594 487 1623 ille
503 1604 575 1624 vero
590 1594 788 1634 intorquebat
802 1604 849 1631 se3
871 1595 980 1624 uberes
995 1600 1101 1623 autem
1117 1592 1145 1622 ei
1161 1591 1342 1622 exciderunt
1356 1591 1533 1631 lachrymae3

244 1648 406 1689 Vibexque
420 1654 548 1678 cruenta
562 1648 595 1678 in
611 1648 703 1678 dorso
718 1654 825 1678 exorta
849 1655 900 1684 est,

263 1741 324 1769 258
347 1739 447 1780 s'lnzm]
465 1739 511 1769 Fl.
531 1741 570 1769 A.
590 1743 616 1770 1.
661 1742 722 1771 259
737 1738 887 1781 Ὀδυσσῆἲ]
911 1739 957 1770 Fl.
974 1740 1014 1770 A.
1031 1739 1071 1769 R.
1086 1739 1118 1770 J.
1155 1742 1218 1770 260
1231 1737 1346 1780 μῆδέτι]
1362 1737 1410 1768 Fl.

90 1866 233 1907 regulam
243 1877 308 1898 uno
323 1877 376 1897 ore
397 1867 478 1897 hanc
488 1866 633 1904 tradunt3
657 1869 711 1898 ubi
732 1868 812 1899 Ulti-

92 1920 142 1939 ma
156 1912 197 1940 se't
209 1911 308 1950 longa,
338 1910 556 1952 (diphthongis
578 1910 728 1940 nimirum
745 1925 766 1941 οι
783 1917 814 1940 et

91 1965 121 1982 αι
135 1962 191 1991 pro
216 1954 349 1984 brevibus
375 1963 497 1992 semper
522 1952 659 1992 habitis)
678 1955 815 1993 penulti-

90 2005 172 2025 mam
197 1997 398 2035 circumflecti
422 2007 483 2026 non
504 2002 599 2035 posse:
643 1996 817 2035 Excipiunt

91 2042 197 2067 tamen
212 2037 319 2077 aba}
335 2040 434 2079 χοῖνιξ,
453 2040 623 2080 καλαῦροψ,
647 2044 677 2068 et
692 2039 814 2069 Similia.

93 2079 140 2109 At
154 2089 226 2110 vero
241 2082 355 2120 Excipi
370 2082 437 2111 haec
451 2081 582 2111 omnino
604 2091 669 2111 non
691 2081 813 2112 debent.

90 2122 185 2158 Nam,
214 2124 334 2154 ratione
356 2129 551 2158 accentuum,
576 2123 693 2164 syllaba
721 2125 816 2164 longa

89 2170 138 2195 est
161 2175 206 2202 ea,
247 2176 317 2206 quae
345 2173 470 2202 natura,
505 2167 633 2208 (Vocali
663 2167 814 2197 nimirum

89 2208 187 2249 longa
214 2209 388 2248 existente,)
418 2218 482 2239 non
512 2209 620 2250 utique
642 2220 712 2250 quae
728 2212 813 2250 posi-

90 2253 171 2282 tione
199 2253 260 2282 sola
284 2251 475 2291 producitur.
534 2252 621 2282 Nam
651 2253 722 2284 οἷκόν
749 2266 812 2292 μου,

87 2292 160 2325 οῗκὸν
173 2306 210 2324 σε
224 2300 255 2324 et
269 2295 390 2330 similia,
415 2306 530 2335 semper
555 2295 813 2326 circumflectunt.

90 2335 164 2366 Pari
192 2336 289 2377 igitur
316 2338 444 2374 ratione,
476 2337 676 2368 circumflecti
704 2338 814 2368 itidem

90 2378 205 2409 debent
227 2379 336 2419 αἶλαξ,
363 2382 461 2421 χοῖνιξ,
483 2382 663 2423 καλαῧξσψς
687 2387 722 2411 ut
744 2391 814 2421 quae

89 2420 244 2458 ultimam,
268 2421 377 2454 Vocali
405 2425 487 2455 brevi
511 2429 712 2460 constantem,
732 2426 816 2463 posi-

89 2465 170 2495 tione
183 2466 245 2497 sola
259 2466 441 2504 producant.
476 2467 527 2496 De
542 2477 624 2502 voce,
643 2467 813 2509 καλαῦροψ,

88 2515 139 2536 res
166 2515 222 2545 per
245 2517 278 2537 se
302 2509 469 2539 manifesta
497 2515 556 2540 est:
591 2510 642 2539 Ex
670 2508 816 2550 genitivis

91 2549 232 2584 αόλᾶκσς,
257 2551 382 2591 χοίνῖιιος
408 2554 510 2593 aliquo
533 2554 618 2583 modo
642 2552 747 2592 colligi
769 2551 815 2581 vi·

88 2590 188 2626 detur,
205 2592 304 2631 αὔλαξ
325 2600 356 2623 et
376 2597 468 2634 χοῖνιξ
489 2595 628 2626 vocalem
649 2597 762 2626 brevem
779 2595 813 2624 in

90 2633 202 2664 ultima
237 2635 358 2671 habere,
381 2636 512 2677 ideoque
535 2637 735 2668 circumflecti
758 2637 812 2668 de·

90 2677 171 2706 bere.
205 2677 256 2707 Ex
271 2678 415 2718 genitivis
436 2681 563 2723 κῇξῢκος,
587 2681 704 2720 φοίνῖκος
724 2680 814 2722 [nam

89 2729 160 2759 quae
187 2720 319 2750 Homero
344 2722 457 2760 scripta
482 2729 556 2753 sunt
581 2724 762 2764 φοινικόεσσαι
785 2730 817 2754 et

89 2761 276 2799 φοινικόεσσαν
297 2765 552 2801 mundabantur,
582 2768 768 2806 φαινῖκοῦσσαι
785 2771 817 2796 et

81 2803 287 2842 'oocvfaeoiio'coem
314 2806 472 2847 quomodo
497 2813 528 2838 et
555 2811 649 2840 scribi
670 2809 819 2848 deinceps

90 2853 187 2886 coepta
215 2848 318 2891 sunt3]
339 2859 413 2879 vero
438 2849 610 2881 admodum
640 2852 743 2882 simile
769 2857 815 2881 est

89 2890 175 2932 κῆρνξ
189 2896 220 2921 et
234 2893 319 2933 φοίνιξ
339 2891 478 2925 vocalem
498 2894 620 2934 longam
642 2894 677 2926 in
702 2893 815 2926 ultima

120 2942 200 2976 Vox..
216 2945 247 2978 Ι.

808 2947 848 2979 M

857 1869 977 1903 habere,
1001 1867 1133 1907 ideoque
1149 1865 1348 1896 circumflecti
1364 1863 1495 1894 omnino
1517 1874 1580 1893 non

857 1911 976 1941 debere.
1022 1910 1187 1949 Κατήλιφα,
1204 1919 1265 1948 qua
1282 1915 1367 1948 parte
1383 1917 1488 1937 versus
1499 1907 1582 1945 apud

861 1955 1095 1992 Aristophanem
1125 1959 1300 1990 usurpatur,
1332 1950 1583 1990 penultimamne

860 1996 1010 2034 corripiat,
1036 2005 1100 2025 non
1124 1994 1238 2035 liquet;
1270 2004 1328 2024 nec
1357 1992 1488 2032 proinde
1510 1992 1583 2022 scri-

859 2040 1041 2069 bendumne
1055 2039 1093 2068 sit
1109 2039 1259 2074 κατ’ᾖλιψ,
1271 2047 1309 2066 an
1323 2037 1473 2073 κατήλιψ.
1500 2037 1582 2065 Κάτ-

859 2083 950 2120 afri-vg,
976 2082 1009 2110 in
1030 2081 1162 2121 obliquis
1187 2080 1307 2110 casibus
1331 2088 1487 2119 nusquam
1503 2076 1583 2107 mihi

841 2125 998 2154 -occun-it.
1046 2123 1193 2163 Denique
1215 2121 1379 2162 σμώδιγγας
1403 2120 1541 2151 vocalem
1565 2121 1583 2155 ι’,

857 2168 1023 2197 brevemne
1052 2167 1163 2196 habeat
1198 2176 1239 2195 an
1267 2165 1403 2205 longam,
1441 2162 1582 2204 quando-

857 2210 985 2251 quidem
1013 2220 1030 2240 e
1055 2210 1132 2240 vivis
1155 2209 1223 2249 jam
1247 2207 1322 2237 olim
1346 2206 1436 2246 periit
1466 2206 1583 2245 linguae

861 2253 979 2283 Graeeae
1008 2251 1234 2292 pronunciatiO,
1267 2251 1337 2280 sciri
1369 2249 1457 2279 nullo
1488 2248 1584 2278 modo

856 2302 972 2334 potest;
1009 2306 1066 2326 nec
1098 2294 1229 2334 proinde
1261 2292 1501 2323 scribendumne
1543 2290 1584 2321 sit

858 2337 962 2377 σμῶδιξ
990 2349 1030 2368 an
1061 2337 1175 2378 σμῶδιξ.
1222 2336 1369 2366 Levicula
1399 2333 1479 2364 forte
1504 2335 1582 2363 haec.

859 2381 963 2411 Semel
978 2387 1084 2411 tamen
1108 2385 1258 2411 annotare
1281 2388 1344 2407 non
1373 2377 1484 2417 piguit,
1508 2387 1582 2407 cum

857 2423 952 2464 vulgo
977 2425 1137 2454 observata
1163 2432 1227 2452 non
1253 2421 1386 2456 fuerint3
1410 2426 1440 2450 et
1467 2420 1586 2450 Analo-

855 2468 908 2506 gia
926 2477 1090 2507 nunquam
1105 2466 1145 2496 sit
1159 2464 1246 2495 nihil.
1294 2464 1393 2495 Clark.
1417 2462 1460 2492 In
1475 2461 1581 2501 dispu-

859 2509 976 2540 tatione
999 2509 1039 2539 de
1064 2509 1222 2548 scriptura,
1249 2516 1313 2536 non
1339 2507 1418 2536 bene
1443 2504 1583 2544 procedit

859 2552 939 2583 ratio
960 2552 1141 2583 Clarkiana.
1183 2550 1216 2579 Si
1241 2547 1346 2588 σμῶδιξ
1369 2558 1424 2587 pro
1445 2546 1581 2587 σμῶὂιγς,

859 2600 895 2625 ut
909 2596 984 2634 φλὸξ
1007 2605 1063 2633 pro
1087 2594 1190 2634 φλόγς,
1215 2592 1372 2632 genitivus
1393 2601 1459 2621 non
1483 2596 1583 2629 potest

857 2648 922 2667 esse
938 2636 1111 2677 σμώδιγιγος,
1135 2642 1170 2665 ut
1185 2644 1243 2664 nec
1260 2634 1400 2674 φλογγός,
1425 2633 1479 2664 sed
1502 2634 1580 2672 σμώ-

858 2680 944 2720 διγος.
993 2681 1085 2710 Certe
1100 2689 1156 2718 pro
1181 2677 1331 2707 Barnesio
1346 2683 1392 2707 est
1406 2677 1474 2710 hoc,
1498 2675 1582 2715 quod

859 2723 967 2752 omnia
981 2721 1179 2755 substantiva,
1206 2719 1240 2749 in
1263 2719 1376 2760 quibus
1397 2729 1486 2749 casus
1507 2718 1584 2747 obli-

860 2765 922 2805 qui,
948 2771 1002 2795 aut
1026 2764 1105 2803 plur.
1136 2764 1228 2793 habet
1251 2776 1305 2802 77,
1334 2762 1367 2792 in
1392 2760 1587 2791 nominativo

860 2809 978 2838 habent
999 2809 1045 2847 γξ.
1089 2806 1196 2836 Litera
1221 2819 1245 2845 ιγ
1267 2805 1368 2844 potuit
1389 2803 1531 2834 excidere
1552 2803 1587 2831 in

857 2850 1008 2890 scriptura
1036 2849 1197 2880 librorum.
1218 2848 1280 2880 vid.
1303 2847 1378 2879 var.
1392 2847 1477 2879 Lect.
1494 2845 1533 2877 ad
1549 2844 1586 2875 :2¹-

858 2897 910 2925 46.
929 2895 980 2925 59.
995 2897 1053 2924 etc.
