1783 3158
601 200 908 257 ἸΛΙΑΔΟΣ
950 200 1019 248 Γ’.

1471 197 1577 250 179

229 348 356 407 Αὐτὴ
383 348 425 400 δ’
454 345 566 398 αὖθ’
592 344 770 405 Ἑλένην
797 343 1007 396 καλέουσ’
1038 342 1092 395 ἴε·
1121 342 1194 401 τὴν
1221 343 1259 395 δ’
1291 344 1471 414 ἐκίχανε

224 422 395 494 Πύξγῳ
420 420 484 485 ’ἐφ’
515 421 701 488 ὑψηλῷ·
730 419 830 492 weg>
859 418 904 471 δὲ
933 418 1082 491 Τξωαῖ
1110 416 1218 477 οἵλις
1246 414 1373 477 ἦσαν·

82 500 188 552 385
225 497 350 568 Χειξὶ
378 495 422 548 δὲ
453 493 681 566 νεκταρέου
709 494 833 546 ἑανοῦ
855 493 1023 555 ἐτίναξε
1051 492 1290 556 λαβοῦσα·

225 572 340 642 seni*
363 569 406 622 δέ
433 594 508 639 μιν
536 572 682 620 εἰκυῖα
707 566 986 634 παλαιγενέϊ
1006 565 1245 640 πξοςὲειπεν

225 644 471 717 Εἷξοκόμῳ,
500 643 527 703 ἤ
553 646 592 695 οἱ
619 642 929 711 Λακεδαίμονι
970 641 1211 713 ναιεταῶσῃ

215 718 407 771 ”Ησκειν
436 718 552 790 εἴξια
576 719 730 782 καλοὶ,
752 718 972 785 μάλιστα
999 714 1044 767 δέ
1070 739 1145 784 μιν
1173 713 1400 781 φιλέεσκε·

226 797 298 865 Τῇ
323 816 398 862 μιν
426 791 654 861 ἐεισαμένη
679 790 939 863 τσξοςεφῶνεε
968 789 1026 842 δῖ’
1056 789 1318 862 Ἀφξοόίτη.

81 871 188 921 390

301 868 434 939 Δεῧξ
466 865 556 918 2²3²·
582 864 885 937 Ἀλέξανδρός
912 887 961 916 σε
989 869 1133 916 καλεῖ
1154 861 1318 915 οἶκόνδε
1344 860 1540 916 νέεσθαι·

225 946 372 999 Κεῖνος
399 939 469 1006 0⁰7⁹
499 940 537 991 ἓν
565 942 781 1010 θαλάμῳ
807 939 888 991 καὶ
916 938 1122 991 δινωτοῖσι
1149 937 1358 1008 λέχεσσι,

226 1013 422 1067 Κάλλεΐ
443 1038 490 1066 τε
517 1015 717 1079 στίλβων
743 1015 823 1066 καὶ
853 1013 1046 1083 εῆαασιν,
1075 1011 1171 1065 οὐδέ
1198 1036 1248 1065 κε
1277 1011 1413 1078 φαίης

223 1089 376 1162 Ἀνδςὶ
401 1090 759 1159 μαχεσσάμενον
786 1088 900 1153 τόνγ’
931 1089 1098 1146 ἐλθεῖν,
1126 1088 1265 1140 ἀλλὰ
1292 1084 1468 1158 χοξὸνὸε

234 1237 310 1276 Ipsa
324 1242 430 1266 autem
447 1235 608 1266 Helenam
622 1223 769 1266 vocatura
782 1234 872 1265 abiit:
898 1236 980 1266 hanc
995 1240 1102 1266 autem
1124 1234 1244 1266 invenit

232 1291 328 1321 Turri
342 1291 377 1320 in
392 1290 462 1325 alta,
479 1290 660 1330 circumque
675 1288 814 1320 Troades
828 1289 955 1320 abunde
968 1295 1070 1320 erant:

134 1347 201 1376 585
224 1345 328 1375 Manu
343 1354 416 1374 vero
431 1343 526 1374 odora
541 1350 623 1374 veste
637 1343 794 1374 concussit
807 1344 1007 1382 prehensam:

231 1400 321 1430 Anui
336 1405 444 1430 auoem
458 1409 529 1430 eam
544 1398 655 1429 similis
669 1399 751 1429 facta
769 1397 946 1438 grandaevae
965 1397 1104 1428 allocuta
1116 1401 1163 1427 est

229 1454 386 1490 Lanificae,
403 1464 474 1494 quae
489 1453 549 1493 ipsi
565 1452 793 1483 Lacedaemone
807 1452 962 1483 habitanti

231 1508 384 1548 Carpebat
399 1508 486 1538 lanas
502 1507 655 1548 pulchras,
671 1507 876 1548 maximeque
888 1507 990 1547 ipsam
1005 1505 1166 1546 diligebat:

230 1563 319 1593 Huic
334 1573 366 1593 se
381 1562 676 1600 cumpassimilasset,
693 1561 829 1593 allocuta
842 1568 889 1592 est
904 1561 990 1592 Diva
1005 1561 1138 1598 Venus;

139 1621 209 1650 :390

275 1623 294 1637 ‘⁵
309 1617 386 1648 Huc
401 1617 484 1648 veni:
513 1617 695 1648 Alexander
709 1624 741 1648 te
756 1622 847 1648 vocat
859 1616 993 1651 domum
1016 1615 1132 1646 redire:

231 1677 248 1690 ‘⁶
265 1671 329 1702 Ille
342 1671 410 1711 ipse
425 1671 459 1701 in
474 1671 618 1709 thalamo
633 1676 666 1701 et
680 1672 814 1702 toi-natis
827 1671 923 1706 lectis,

231 1731 252 1744 ‘⁴
265 1725 353 1755 Tum
367 1725 602 1765 pulchritudine
615 1725 790 1765 splendens,
807 1732 878 1756 tum
892 1724 1043 1755 vestibus:
1071 1732 1173 1763 neque
1189 1720 1306 1752 dixeris

231 1786 248 1799 ‘⁴
266 1780 350 1811 Cum
364 1780 430 1810 viro
445 1790 647 1820 congressum
663 1780 760 1811 armis
773 1780 867 1811 illum
877 1779 1011 1815 rediisse,
1028 1777 1082 1809 sed
1095 1776 1137 1808 ad
1149 1778 1297 1808 choream

279 1873 341 1900 588
358 1860 451 1914 ἤσκει]
468 1870 541 1902 MS.
555 1869 610 1901 sed
626 1884 645 1902 ει
662 1869 752 1900 estin
764 1869 866 1905 litura,
881 1875 913 1900 et
927 1877 1054 1899 amanu
1069 1866 1215 1902 secunda,
1232 1871 1264 1896 et
1279 1870 1446 1905 supersunt
1463 1864 1589 1905 vestigia

319 1915 369 1944 τοῦ
386 1929 406 1945 ν.

79 2039 133 2069 pra
146 2031 388 2065 observaveram,
415 2029 455 2059 ad
472 2031 510 2066 β’.
525 2040 588 2061 ver.
614 2030 680 2069 45.)
704 2030 812 2061 videor

78 2072 156 2102 mihi
178 2072 331 2113 colligere,
357 2073 527 2112 Hymnum
548 2073 639 2103 illum
655 2074 689 2103 in
720 2076 811 2104 Vene-

76 2126 149 2150 rem,
166 2116 221 2146 ubi
231 2116 423 2156 adjectivum
440 2117 512 2150 ἑανὸς
523 2116 662 2146 mediam
672 2116 808 2156 corripit,

78 2168 139 2188 ver.
150 2161 202 2189 65.
217 2169 281 2188 non
295 2159 403 2199 utique
415 2160 547 2189 Homeri
557 2170 630 2195 esse,
647 2159 701 2189 sed
711 2160 816 2199 Scrip-

78 2201 154 2231 toris
167 2201 333 2241 cujusdam
344 2201 439 2242 longe
449 2202 636 2239 recentioris.
683 2202 815 2232 Induxit

79 2249 196 2281 autem,
213 2250 250 2274 ut
264 2244 382 2284 opinor,
406 2246 439 2274 in
455 2254 591 2275 errorem
612 2245 716 2275 virum
737 2245 811 2275 doc-

78 2287 235 2317 tissimum
257 2289 343 2318 Phil.
367 2289 520 2318 Labbcum
548 2289 649 2318 versio
670 2298 811 2329 quorun-

79 2329 153 2360 dam
178 2330 291 2367 latina3
311 2330 366 2370 qui
389 2331 423 2360 in
438 2340 528 2361 versu
553 2331 620 2365 isto,
643 2333 742 2362 Iliad.
766 2332 815 2369 «φ’.

81 2376 152 2403 254.
170 2375 302 2414 (nomen
318 2373 351 2403 id
366 2373 555 2415 adjectivum
570 2374 817 2414 arbitrati,quod

82 2421 148 2445 erat
162 2417 400 2452 substantivum,
417 2423 448 2447 et
464 2416 692 2447 substantivum
702 2423 817 2453 contra,

81 2458 165 2497 quod
200 2465 266 2489 erat
287 2459 502 2499 adjectivum)
521 2459 708 2490 vocabulum
741 2461 818 2500 ἑανῷ,

83 2500 167 2540 quod
181 2507 247 2531 erat
266 2502 451 2542 vertendum
474 2502 617 2544 [Tenui,]
640 2512 715 2533 voce
741 2502 817 2544 [Pe-

77 2543 145 2585 plo]
153 2543 369 2582 reddiderunt3
386 2551 418 2576 et
431 2547 495 2576 Λιτὶ
506 2545 593 2585 quod
600 2552 667 2577 erat
677 2545 818 2588 [Limen]

82 2586 276 2624 vertendum,
302 2587 335 2617 id
350 2594 458 2618 contra
481 2588 620 2631 [Subtili]
646 2594 815 2619 verterunt.

127 2628 199 2659 Ver.
214 2633 286 2660 588.
302 2631 396 2662 ν’ίσκειν
419 2631 450 2661 εἴ.
466 2631 511 2673 κ.]
527 2631 578 2661 De
594 2646 605 2662 ν
622 2631 706 2673 quod
721 2632 819 2662 tertiae

81 2671 162 2704 ἤσκει
196 2678 305 2702 contra
338 2672 516 2713 legitimam
543 2674 707 2710 rationem,
745 2685 815 2715 quae

81 2714 150 2753 ejus
176 2715 383 2745 accessionem
403 2716 437 2746 in
453 2718 664 2748 contractione
685 2717 739 2748 tali
765 2727 813 2747 re-

83 2757 173 2795 spuit,
190 2763 297 2788 tamen
313 2759 447 2794 accessit,
469 2768 557 2790 more
572 2761 706 2796 Dorum,
722 2770 818 2801 quam

82 2800 178 2830 etiam
194 2800 293 2831 Attici
307 2800 479 2837 imitantur,
497 2808 534 2832 ut
549 2803 776 2842 Aristophanes
787 2809 818 2832 et

83 2842 145 2877 alii,
173 2843 233 2874 vid.
249 2844 391 2874 Eustath.
407 2844 448 2875 ad
464 2844 525 2875 od.
549 2845 582 2876 il.
597 2857 627 2885 p.
647 2849 738 2877 1182.
763 2846 817 2876 ubi

80 2884 122 2916 de
135 2887 195 2916 hoc
218 2886 290 2926 ipso
307 2886 380 2918 loco
392 2887 466 2928 agit,
492 2888 556 2919 sive
581 2889 686 2928 potius
711 2889 815 2919 Hera-

856 2029 952 2060 clides
965 2027 1200 2059 Grammaticus
1210 2026 1339 2060 subtilis,
1351 2025 1441 2065 cujus
1449 2030 1594 2063 excerpta

855 2073 951 2112 ponit.
997 2074 1076 2103 Ern.

899 2116 973 2145 Ver.
999 2118 1072 2146 389.
1097 2115 1139 2156 Τῇ
1170 2127 1218 2152 μιν
1241 2112 1382 2150 ἐεισαμένη
1413 2109 1591 2154 πξοςεφίινεε]

860 2159 944 2189 Cum
966 2158 1076 2188 vocula
1098 2171 1154 2196 μιν,
1169 2154 1348 2186 duriuscule
1374 2154 1424 2184 hic
1443 2153 1594 2183 reseratus

858 2201 898 2232 ad
928 2201 1092 2244 τροςεφώνεε
1102 2215 1112 2235 ;
1153 2201 1348 2240 (quanquam
1382 2197 1493 2226 similis
1529 2196 1595 2226 fere

857 2246 1025 2275 verborum
1048 2242 1211 2273 collocatio
1233 2242 1301 2281 jam
1325 2250 1417 2278 supra
1448 2239 1592 2274 occurrit,

855 2298 916 2317 ver.
932 2287 1020 2326 386.)
1033 2287 1172 2326 itemque
1184 2285 1266 2319 alibi,
1283 2290 1318 2314 ut
1332 2283 1368 2319 β’.
1383 2286 1453 2314 795.
1471 2288 1502 2312 et
1516 2292 1594 2321 prae-

860 2338 906 2361 tei·
921 2331 1071 2369 ἐεισαμένη,
1098 2339 1161 2369 quo
1181 2328 1339 2361 referatur,
1367 2325 1447 2355 nihil
1467 2326 1595 2363 habeat;

861 2375 990 2404 verbum
1006 2380 1120 2406 autem,
1150 2371 1300 2410 ἐεισαμένη,
1318 2370 1350 2398 in
1375 2371 1448 2399 Voce
1472 2370 1592 2403 Media,

857 2417 925 2457 jam
941 2416 1032 2455 plene
1046 2416 1079 2446 id
1094 2414 1255 2454 exprimat,
1265 2412 1350 2453 quod
1361 2412 1456 2442 latine
1470 2411 1593 2446 dicitur,

865 2465 883 2478 “
896 2471 989 2500 quum
1005 2460 1059 2491 SE
1079 2455 1307 2490 assimilasset‚‘’
1333 2454 1417 2495 (vide
1440 2465 1533 2494 supra
1555 2453 1594 2484 ad

860 2503 900 2543 γ’,
918 2503 1004 2542 141.)
1020 2508 1058 2533 ut
1078 2509 1305 2540 supervacanea
1321 2498 1398 2528 adeo
1412 2497 1511 2528 videri
1524 2507 1594 2537 pos-

860 2546 901 2576 sit
914 2545 1025 2576 vocula
1038 2545 1105 2579 ista,
1117 2557 1179 2583 μικ
1197 2552 1293 2581 prope
1307 2541 1368 2571 fuit
1379 2547 1415 2572 ut
1425 2541 1593 2575 crederem,

862 2589 995 2619 Poetam
1020 2587 1183 2626 scripsisse,
1201 2588 1241 2627 Τῇ
1261 2586 1311 2624 μὲν
1332 2584 1483 2623 ἐεισαμένη.
1528 2584 1593 2614 Ve-

862 2638 1039 2667 runtamen,
1067 2629 1217 2670 quoniam
1239 2627 1381 2667 pluribus
1395 2628 1429 2657 in
1447 2627 1522 2657 locis
1545 2637 1596 2656 ea-

858 2674 931 2704 dem
959 2673 1094 2704 occurrit
1123 2671 1272 2713 loquendi
1294 2670 1380 2705 ratio,
1407 2670 1535 2710 istisque
1562 2670 1596 2698 in

857 2717 933 2747 locis
947 2717 1094 2748 omnibus
1108 2715 1259 2755 scriptum
1275 2714 1314 2744 sit
1327 2714 1383 2753 μὶν,
1399 2713 1479 2743 nihil
1494 2712 1596 2743 ausim

863 2765 986 2790 mutare

905 2802 978 2833 Ver.
991 2805 1064 2833 590.
1080 2801 1158 2844 Asia'g'
1172 2800 1236 2842 w]
1262 2800 1312 2829 Ita
1326 2799 1463 2830 restituit
1477 2800 1599 2830 Barne-

860 2847 932 2877 sius.
978 2845 1084 2881 Recte,
1101 2850 1139 2874 ut
1159 2843 1237 2876 mihi
1252 2842 1380 2885 quidem
1403 2841 1534 2872 videtur.
1553 2841 1595 2872 Η.
