1820 3158
493 390 829 446 SUMMA
895 392 1280 447 ILIADOS

664 557 803 606 UNI
819 558 1100 607 VERSAE.

136 868 243 911 CUM
263 882 286 909 e
305 866 583 916 contentione,
605 865 657 907 de
690 865 915 922 Chryseide
944 867 1052 921 patri
1082 866 1307 918 reddenda,
1341 868 1534 921 Achilles,
1565 871 1627 914 ira

137 948 182 988 in
203 948 562 1004 Agamemnonem
582 946 787 997 incensus,
809 963 834 988 a
854 946 961 988 bello
990 956 1178 998 cessaret,
1212 948 1400 1004 Trojani,
1433 951 1527 992 totis
1557 952 1627 994 de-

136 1043 226 1069 cem
246 1028 364 1068 annis
383 1026 486 1068 urbe
501 1027 631 1077 exire,
659 1026 712 1068 ad
741 1026 1013 1084 pugnandum
1043 1036 1185 1083 aperto
1216 1043 1378 1084 campo,
1410 1045 1495 1071 non
1525 1034 1627 1084 ausi,

137 1107 303 1149 tandem
344 1115 582 1162 erumpunt,
612 1121 698 1148 uno
729 1107 889 1148 Achille
919 1107 1100 1158 absente,
1131 1123 1249 1164 pares
1279 1125 1321 1150 se
1352 1110 1438 1152 fore
1472 1111 1633 1155 Graecis

137 1197 356 1244 sperantes.
418 1188 532 1229 Tum
556 1187 718 1243 Jupiter
748 1188 1106 1245 Agamemnonem
1135 1205 1209 1244 per
1239 1192 1443 1232 somnium
1473 1204 1630 1247 monet,

138 1279 185 1312 ut
205 1270 342 1325 copias
363 1270 406 1310 in
427 1270 555 1310 aciem
576 1268 734 1310 educat.
798 1269 878 1310 Cui
897 1284 1044 1324 parens
1066 1270 1373 1327 Agamemnon,
1400 1278 1633 1319 convocatis

135 1348 324 1398 ducibus,
347 1347 447 1404 quid
466 1348 510 1387 in
540 1348 679 1389 animo
707 1348 873 1398 habeat,
904 1350 1097 1400 ostendit,
1130 1358 1324 1392 caeterum
1353 1353 1405 1393 ad
1435 1355 1634 1409 populum

137 1431 362 1473 dissimulat
382 1415 613 1482 consilium,
633 1439 673 1472 et
688 1431 740 1472 ad
760 1432 936 1486 patriam
957 1434 1236 1488 repetendam,
1259 1444 1321 1476 tot
1341 1437 1458 1477 annis
1487 1437 1637 1481 frustra

140 1512 379 1562 consumtis,
401 1511 605 1562 hortatur,
628 1520 674 1553 ut
687 1527 734 1553 ea
750 1513 974 1554 tentatione
987 1513 1147 1555 eliceret
1162 1515 1388 1558 voluntates
1404 1516 1636 1572 hominum,

140 1607 290 1648 eosque
309 1591 371 1632 vel
393 1590 673 1641 confirmaret,
696 1592 729 1632 si
758 1592 914 1634 nollent
943 1593 1070 1644 abire,
1104 1595 1179 1644 vel,
1213 1597 1245 1637 si
1275 1597 1446 1639 domum
1481 1610 1637 1655 specta-

140 1685 247 1727 rent,
262 1690 336 1731 per
351 1675 475 1716 duces
491 1677 708 1716 coerceret.
770 1675 835 1716 Ibi
855 1690 949 1716 cum
969 1677 1123 1731 populo
1144 1678 1321 1733 placeret
1341 1681 1510 1732 reditus,
1535 1672 1638 1726 Nes-

142 1766 208 1798 tor
229 1765 269 1797 et
290 1755 456 1811 Ulysses
477 1755 743 1797 concionibus
763 1771 857 1797 eum
878 1756 1129 1809 dissuadent,
1151 1767 1191 1800 et
1203 1760 1361 1802 animos
1374 1762 1636 1815 confirmant,

142 1845 188 1879 ut
209 1851 374 1878 manere
394 1844 434 1877 et
453 1850 639 1893 pugnare
658 1836 818 1879 vellent.
879 1837 1030 1880 Educti
1051 1854 1150 1896 ergo
1171 1856 1264 1882 cum
1286 1852 1418 1884 essent
1433 1845 1475 1885 in
1493 1846 1638 1898 aciem,

141 1913 287 1960 contra
306 1917 495 1959 euntibus
517 1916 723 1973 TrojaniS‚
746 1927 787 1960 et
809 1919 925 1960 Paris
956 1920 1196 1963 Menelaum
1225 1923 1279 1964 ad
1309 1933 1515 1968 certamen
1544 1942 1642 1983 pro-

142 2008 337 2049 vocasset,
358 2014 433 2054 per
453 1998 565 2055 quod
585 1999 737 2041 bellum
757 2001 815 2041 ita
834 2000 1036 2053 finiretur,
1068 2001 1135 2052 ut,
1161 2005 1231 2059 qui
1261 2005 1433 2047 alterum
1465 2008 1638 2060 vicisset,

147 2078 354 2120 Helenam
374 2088 417 2119 et
437 2079 520 2134 ejus
541 2094 639 2134 opes
653 2079 837 2130 haberet,
861 2096 988 2138 eaque
1008 2097 1071 2123 res
1103 2086 1357 2128 convenisset
1399 2088 1641 2144 interposito

143 2159 194 2199 ab
216 2167 388 2214 utraque
406 2152 523 2214 parte
536 2160 819 2215 jurejurando,
842 2161 971 2204 victus
990 2178 1132 2221 pugna
1163 2165 1278 2207 Paris
1309 2183 1333 2208 a
1362 2167 1525 2211 Venere
1553 2185 1638 2212 sur-

141 2244 290 2298 ripitur
312 2243 368 2299 (h.
391 2259 424 2285 e.
447 2252 623 2286 mortem
642 2246 791 2288 timens
809 2246 945 2303 fugit).
1007 2248 1070 2289 Ibi
1091 2258 1180 2291 tum
1213 2251 1426 2294 Pandarus
1453 2254 1639 2310 quidam,

145 2317 366 2382 TrojanuS,
387 2329 525 2383 jaculo
557 2329 797 2373 Menelaum
825 2333 928 2387 petit
957 2348 1005 2375 ac
1034 2332 1231 2377 vulnerat.
1294 2337 1390 2386 Qua
1418 2353 1464 2380 re
1493 2339 1642 2382 violato

147 2405 316 2457 foedere,
358 2407 509 2449 bellum
539 2411 752 2465 repetitur,
788 2411 980 2454 hortante
1012 2414 1341 2472 Agamemnone,
1379 2419 1642 2477 exoriturque

145 2501 300 2544 pugna,
323 2488 366 2528 in
385 2485 469 2544 qua
488 2490 605 2532 multi
626 2493 837 2549 utrimque
863 2494 1030 2536 cadunt.
1091 2496 1142 2538 In
1173 2507 1222 2538 eo
1251 2499 1395 2552 praelio
1423 2500 1467 2541 in
1496 2503 1639 2556 primis

146 2571 349 2627 insignem
371 2588 413 2614 se
432 2573 528 2616 facit
549 2575 748 2619 fortitudo
768 2579 1001 2631 Diomedis,
1023 2565 1434 2638 vulneratisspraeter
1454 2586 1567 2638 alios,
1601 2604 1641 2631 e-

146 2650 247 2691 tiam
271 2652 430 2694 Venere
449 2663 489 2695 et
510 2655 662 2698 Marte.
720 2658 818 2708 Quo
837 2661 1006 2702 nomine
1026 2674 1121 2702 cum
1150 2663 1262 2717 apud
1288 2663 1434 2707 Jovem
1465 2682 1642 2723 querun-

147 2740 230 2780 tur,
254 2732 360 2773 ultro
379 2735 502 2776 etiam
523 2736 809 2795 objurgantur,
832 2742 944 2796 quod
964 2756 1006 2782 se
1025 2742 1069 2782 in
1098 2742 1194 2784 talia
1223 2744 1459 2788 discrimina
1478 2750 1645 2803 conjici-

146 2821 229 2855 ant.
290 2815 388 2864 Qua
409 2819 674 2876 castigatione
693 2821 892 2874 deterriti,
926 2824 1132 2866 abstinent
1162 2825 1240 2881 ipsi
1271 2843 1296 2869 a
1326 2828 1491 2884 praeliis:
1525 2843 1644 2871 caete-
