1783 3158
146 195 248 246 134

772 192 1090 244 ὈΜΗΡΟΥ

291 337 476 432 Α’νδξων
497 338 534 391 δ’
564 336 626 390 αὐ
649 337 752 408 μέγ’
784 337 962 410 οἵξιστος
989 337 1055 399 ἔην
1080 340 1364 410 Τελαμώνιος
1393 340 1535 402 Αιἀς,

283 411 424 485 ἩΟφξ
452 410 678 482 Ἀχιλεὺς
704 414 862 481 μήνιεν·
890 414 911 464 o‘
938 414 1031 486 γάξ
1057 413 1174 465 πολὺ
1202 414 1416 486 φέρτατος
1443 415 1526 475 ἦεν,

147 489 253 542 770
282 486 430 539 ’Ἱππ-οι
458 489 525 550 θ’,
551 485 592 536 οἳ
615 485 840 556 φοξὲεσκον
867 487 1084 555 ἀμύμονα
1105 489 1352 546 Πηλειωνα.

288 562 429 612 ”Αλλ
459 584 480 610 ο
505 582 586 628 μεν
613 560 651 609 ἐν
677 561 818 617 νῆεο-σι
845 561 1035 630 κοξωνῖσι
1062 584 1352 633 ποντοποξοισι

290 636 428 691 Κεῖτ’,
457 633 733 702 ἀπομηνίσας
759 632 1089 702 Ἀγαμεμνονι,
1117 634 1282 703 ποιμένι
1311 639 1446 702 λαῶν,

287 707 511 780 Ἀτξείδη·
541 707 646 758 λαοι
675 706 720 758 δε
747 707 874 779 wag&
899 707 1080 777 ῥηγμινι
1107 710 1358 768 θαλάσσης

292 782 525 834 Δισκοισιν
553 780 750 853 τὲξποντο
776 804 856 832 και
879 782 1136 853 αι’γανεῃσιν
1163 782 1308 864 ἱέντες,

146 859 252 910 ’775
290 855 490 917 Τοξοισιν
517 857 581 906 θ’·
610 855 730 906 imos
758 854 802 906 δε
831 856 937 926 παξ
972 854 1171 927 οἵξμασιν
1198 881 1304 909 οισιν
1332 856 1518 917 ἕκαστος

294 928 478 981 Λωτον’
467 952 752 1002 εξεπτομενοι,
781 929 1054 1012 ἐλεόθρεπτόν
1080 953 1126 982 τε
1154 929 1331 988 σελινον,

278 1003 531 1055 ’Έο-ταο-αν·
560 1003 756 1074 οἵξματα
783 1002 818 1054 δ’
849 1010 894 1054 εὐ
922 1003 1251 1073 πεπυκασμένα
1277 1010 1396 1057 κεῖτο
1434 1006 1630 1058 ἀνάκτων

285 1079 359 1128 Ἐν
386 1078 577 1135 κλισιης
600 1101 636 1127 οι
665 1076 700 1127 δ’
730 1075 871 1147 ἀξχον
897 1075 1130 1148 ἀρηΐφιλον
1156 1077 1385 1138 ποθεοντες

289 1224 440 1254 Virorum
455 1228 561 1253 autem
576 1223 670 1263 longe
685 1221 956 1262 praestantissimus
973 1228 1039 1253 erat
1053 1222 1258 1254 Telamonius
1272 1224 1366 1264 Ajax,

287 1278 427 1308 Tamdiu
443 1277 520 1308 dum
536 1277 678 1308 Achilles
691 1277 725 1306 in
740 1276 813 1307 odio
828 1278 1045 1316 permanebat:
1070 1277 1097 1308 is
1111 1278 1196 1308 enim
1211 1278 1313 1309 multo
1335 1277 1522 1311 fortissimus
1542 1285 1616 1317 erat.

203 1336 264 1364 770
286 1333 329 1363 Et
344 1332 424 1373 equi,
441 1332 495 1373 qui
509 1332 649 1363 ferebant
664 1330 919 1362 laudatissimum
936 1331 1087 1363 Pelidem.

289 1386 351 1417 Sed
365 1387 417 1417 hic
431 1386 560 1427 quidem
574 1386 608 1416 in
623 1385 755 1416 navibus
768 1386 904 1416 recurvis
926 1387 1377 1425 per-pontum·transeuntibus

285 1441 424 1477 Jacebat,
439 1441 519 1471 iram
532 1440 642 1471 fovens
655 1442 796 1471 adversus
813 1441 1098 1481 Agamemnonem,
1116 1448 1271 1482 pastorem
1281 1442 1480 1483 populorum,

287 1495 451 1533 Atridam3
472 1495 568 1534 copiae
583 1504 655 1525 vero
670 1494 710 1525 ad
724 1494 813 1525 littus
824 1495 918 1525 maris

287 1551 391 1582 Discis
405 1551 637 1582 delectabantur
652 1557 684 1582 et
699 1551 864 1582 hastilibus
874 1551 1059 1591 jaculantes,

203 1608 263 1637 775
290 1606 510 1646 Arcubusque:
535 1606 606 1647 equi
622 1616 694 1636 vero
707 1605 793 1645 apud
807 1616 916 1636 currus
931 1616 1004 1636 suos
1014 1606 1131 1648 singuli

284 1660 402 1690 Lotum
417 1660 622 1699 depascentes
639 1660 837 1701 palustreque
859 1660 976 1700 apium,

286 1715 429 1745 Stabant:
453 1725 563 1745 currus
577 1720 684 1745 autem
695 1715 865 1745 bene-tecti
877 1715 1026 1755 jacebant
1040 1713 1244 1746 dominorum

285 1770 326 1800 In
342 1770 497 1808 tentorii53
520 1770 566 1801 illi
582 1780 654 1801 vero
669 1770 783 1802 ducem
797 1770 982 1802 bellicosum
997 1770 1208 1803 desiderantes

326 1863 387 1892 768
403 1860 503 1904 ἀνδρῶν
517 1860 572 1903 αὖ]
590 1861 662 1893 MS.
677 1861 724 1893 Fl.
769 1865 787 1893 7
792 1865 828 1894 71
849 1862 1069 1906 ποντοπὸροισιν]
1086 1862 1158 1893 MS.
1174 1861 1221 1892 Fl.

132 1978 230 2008 simus
247 1978 292 2008 H.
306 1979 483 2017 Stephanus,
507 1977 631 2019 aliique.
676 1978 772 2015 Quod
787 1988 857 2009 sen-

132 2020 262 2051 tentiam
277 2019 370 2059 plane
385 2026 501 2051 enecat.

176 2063 247 2094 Ver.
265 2066 335 2094 772.
354 2065 438 2099 Κεῖτ’,
450 2063 650 2106 ἀπομηνίσας]
668 2063 857 2094 Producitur

132 2106 314 2146 penultima,
330 2107 479 2146 quoniam
494 2116 512 2136 a
529 2108 684 2138 Praesente
699 2113 745 2137 est
759 2107 857 2147 μηνίω,

129 2158 191 2180 ver.
216 2152 287 2180 769.
303 2158 368 2179 non
383 2150 499 2190 μηνίζω.
543 2148 627 2180 Vide
641 2160 734 2189 supra
757 2150 798 2180 ad
821 2150 858 2180 α’.

134 2195 204 2223 140.
229 2193 331 2224 Clark.
376 2192 533 2223 Caeterum
559 2192 617 2222 hoc
641 2203 765 2233 quoque
791 2203 860 2223 ver-

128 2236 207 2266 bum
223 2240 270 2265 est
284 2245 323 2265 ex
338 2234 383 2270 iis,
411 2235 443 2265 in
470 2235 583 2275 quibus
598 2236 773 2274 praepositio
796 2235 856 2267 ἀπὸ

128 2277 377 2313 continuitatem,
390 2287 453 2308 non
468 2278 565 2308 finem
580 2278 623 2308 rei
634 2278 736 2314 modo,
754 2279 855 2318 expri-

127 2321 198 2352 mit:
227 2321 271 2351 sic
285 2321 372 2351 enim
387 2320 476 2360 capio
497 2322 527 2350 h.
544 2320 564 2351 l.
580 2321 770 2360 ἀπομηνίσας,
791 2331 855 2352 non

129 2363 311 2404 simpliciter
340 2373 397 2404 pro
425 2363 554 2403 μηνίσας,
587 2369 623 2394 ut
648 2364 766 2395 Lexica
800 2365 855 2394 ha-

128 2407 213 2437 bent.

170 2449 246 2479 Ver.
263 2451 334 2480 773.
357 2450 441 2492 παρὰ
454 2451 569 2490 ῥηγμῖνι
587 2449 759 2492 θαλάσσης]
785 2450 858 2486 Qua

124 2491 247 2522 ratione
262 2501 328 2527 vox,
347 2494 436 2535 παρὰ,
453 2492 502 2522 hic
524 2491 670 2522 ultimam
692 2492 860 2531 producat;

127 2534 215 2569 item,
227 2534 349 2570 δίσκοισι,
362 2534 630 2575 quemadmodum
641 2545 660 2565 a
670 2535 857 2576 quibusdam

127 2576 241 2615 scripta
264 2584 316 2612 est,
332 2588 392 2608 ver.
419 2580 491 2608 774.
522 2578 580 2608 et'
567 2591 630 2609 ινσα
655 2588 715 2608 ver.
733 2581 803 2609 780.
827 2584 857 2608 et

129 2619 185 2655 Au,
202 2629 264 2649 ver·
282 2622 353 2650 781.
379 2626 436 2650 eto
424 2633 579 2662 ομηγερεες,
605 2631 666 2651 ver.
694 2624 764 2653 789.
788 2620 858 2651 vide

128 2671 222 2701 supra
235 2661 275 2692 ad
290 2675 327 2692 α.
344 2666 394 2693 51.

171 2705 248 2734 Ver.
280 2706 350 2735 776.
374 2705 501 2747 σέλινον,]
529 2707 590 2737 Οὐκ
624 2706 751 2746 ἀλογως
783 2707 856 2736 ἀλλ’

123 2747 172 2778 οτι
198 2747 386 2784 βλάπτονται
411 2750 462 2786 μὲν
488 2762 510 2779 οι
535 2751 730 2790 σχολάζοντες
755 2749 857 2781 α’σννῆ-

127 2789 218 2824 sust
206 2801 288 2820 ιπποι
305 2803 337 2819 το
325 2804 368 2824 ους
385 2790 506 2826 τῦδαςᾘ
500 2792 559 2822 ἐστι
570 2791 595 2823 δὲ
609 2805 710 2823 τουτου
716 2793 855 2831 μαλιστα

121 2832 204 2872 Ξάμα
221 2845 254 2863 σο
272 2832 355 2864 Σὲλιν
345 2847 391 2863 νον.
431 2834 554 2868 ’Ἃλλοις
572 2848 638 2874 *your
659 2836 709 2865 οὐκ
725 2848 758 2865 αν
774 2835 839 2876 εὕροι
842 2848 854 2868 ς

126 2875 352 2918 παραβαλλόμε
357 2889 394 2907 νον
414 2875 514 2911 ἵπποις
532 2878 555 2909 ἒν
570 2877 673 2910 Ἰλιάδι
687 2877 799 2909 σέλινον·
813 2895 856 2903 ——

905 1979 978 2009 ἀλλ’
1007 1979 1102 2021 ἰατρὸς
1128 1977 1165 2009 dlv
1187 1977 1348 2018 Ἀχιλλεὺς
1368 1982 1423 2008 e‘ec.
1474 1979 1632 2009 Plutarch.

901 2024 1033 2062 Sympos.
1048 2021 1101 2051 lib.
1116 2023 1144 2052 5.
1162 2021 1254 2051 Prob.
1270 2024 1299 2051 4.

943 2064 1017 2094 Ver.
1043 2067 1114 2094 777.
1134 2063 1309 2105 ”Εστασαν·]
1335 2062 1417 2093 Vide
1440 2063 1522 2093 infra
1536 2063 1575 2093 ad
1587 2063 1629 2102 μ’.

944 2149 1018 2180 Ver.
1035 2152 1105 2180 778.
1121 2150 1146 2179 οἱ
1160 2148 1197 2190 δ’]
1221 2149 1258 2180 Οἱ
1272 2148 1405 2184 ἄνακτες,
1431 2158 1497 2178 non
1513 2149 1537 2180 οι*
1552 2149 1627 2184 λαοὶ,

901 2197 938 2222 ut
951 2198 1033 2222 recte
1048 2192 1208 2222 annotavit
1223 2193 1360 2222 Domina
1383 2193 1510 2226 Dacier,
1537 2195 1628 2232 (con-

899 2241 946 2265 tra
969 2236 1172 2269 Eustathium,
1199 2241 1234 2264 ut
1248 2235 1315 2273 ipsa
1336 2234 1396 2271 ait3
1418 2234 1498 2263 mihi
1522 2240 1630 2264 autem

899 2288 1000 2318 neque
1015 2278 1079 2317 ipse
1104 2279 1285 2308 Eustathius
1309 2276 1432 2307 videtur
1445 2276 1534 2306 aliter
1558 2286 1629 2307 sen·

899 2321 998 2361 sisse.)
1017 2321 1122 2356 Porro,
1147 2330 1271 2350 summa
1293 2319 1344 2350 hic
1368 2328 1442 2350 cum
1467 2325 1629 2350 venustate

901 2370 932 2394 et
957 2363 1166 2398 condecentia,
1197 2362 1259 2404 (uti
1285 2363 1406 2393 Eadem
1432 2361 1630 2402 observat-ig)

900 2406 978 2437 dum
995 2408 1112 2436 Milites
1127 2406 1246 2436 lusibus
1269 2414 1301 2434 se
1315 2403 1505 2434 militaribus
1527 2404 1629 2434 oblec-

900 2455 1009 2484 tarent,
1036 2450 1141 2480 Duces
1157 2446 1405 2487 Myrmidonum,
1433 2452 1469 2476 ut
1483 2447 1537 2486 qui
1558 2447 1627 2487 glo-

901 2492 956 2522 riae
970 2491 1071 2533 magis
1085 2491 1251 2525 studerent,
1267 2495 1374 2520 moeste
1385 2489 1630 2525 obambulantes,

902 2541 933 2565 et
950 2534 1152 2574 Imperatoris
1177 2532 1225 2563 sui
1240 2532 1410 2563 discessum
1435 2543 1453 2562 e
1467 2531 1549 2562 bello
1574 2532 1629 2563 do-

901 2578 1008 2613 lentes,
1025 2577 1247 2617 depinguntur.

944 2620 1019 2650 Ver.
1036 2622 1106 2650 780.
1121 2625 1155 2650 οι
1151 2618 1223 2649 ‘⁹3⁶
1201 2632 1238 2661 ag
1260 2617 1348 2659 ”σαν,]
1359 2617 1524 2648 Exercitus
1539 2617 1628 2648 Grae-

901 2673 1010 2693 corum
1026 2662 1196 2696 universus,
1216 2666 1345 2700 excepto
1361 2662 1482 2691 Achille
1493 2670 1566 2690 cum
1578 2670 1630 2690 su-

901 2705 936 2736 is.
982 2705 1066 2734 Nam
1081 2714 1118 2734 eo
1128 2704 1197 2744 jam
1222 2703 1387 2734 revertitur
1401 2703 1508 2738 Poeta,
1532 2702 1627 2738 unde,

900 2747 939 2778 ad
963 2748 1122 2787 copiarum
1145 2746 1413 2777 enumerationem
1441 2744 1627 2780 faciendam,

898 2790 1054 2831 digressus
1069 2796 1141 2825 erat,
1158 2800 1218 2820 ver.
1236 2793 1308 2820 484.

943 2832 1023 2863 Ibid-
1049 2833 1115 2864 ὤσει
1138 2846 1168 2863 τε
1195 2834 1262 2875 τνρι
1286 2831 1364 2873 χθων
1389 2842 1474 2862 τασα
1501 2828 1631 2872 νέμομεν]

898 2878 986 2917 Ignis
1001 2875 1215 2913 similitudine,
1243 2875 1338 2906 simul
1352 2883 1514 2906 armorum
1528 2872 1629 2913 splen·
