1783 3158
552 188 856 239 ἸΛΙΑΔΟΣ
900 187 961 236 H‘
1424 187 1531 236 363

47 335 149 388 170
187 339 298 391 Τοῖς»
319 332 358 384 δ’
387 332 538 391 αὐτοῖς
564 331 772 401 μετέειπε
799 333 990 403 Γεξῇνιος
1017 330 1185 382 ἱππότα
1211 330 1379 402 Νὲςωξ·

258 406 417 477 Κλῆξῳ
444 429 506 457 νυν
532 407 821 475 πεπάλαχθε
851 404 1161 476 &mahomet-:99⁰
1134 429 1178 463 ος
1205 428 1254 457 κε
1283 408 1498 478 λάχῃσιν·

187 479 332 537 oin-05
361 480 453 551 73⁶?
481 479 573 538 δη’
557 481 690 538 ονῆσει
718 478 1012 548 εὕκνῆμιδας’
1019 478 1224 572 Azanes·

185 554 276 604 Καὶ
306 552 346 604 δ’
375 551 506 611 αὐτος
533 551 575 604 δν
604 552 792 622 θυμον’
776 555 991 617 ονῇσετοοι,
1017 553 1076 604 αἴ
1095 576 1145 605 κε
1173 552 1343 626 φυγησι

185 625 343 686 Δηι”ε’
331 649 379 678 εκ
405 627 617 696 πολέμοιο
643 627 723 678 καὶ
750 629 868 685 αι’νῆς
897 626 1133 685 δηὶοτῆτος.

248 699 350 759 “Ως
379 700 541 766 ἔφαθ’·
570 703 607 752 οἱ
635 700 679 752 δε
708 704 866 772 κληξον
893 701 1162 772 ἐσημήναντο
1191 700 1372 766 inas-og,

181 776 255 826 Ἐν
283 775 323 826 δ’
354 774 522 864 ἐ’βοολον
549 797 670 832 κυνεη
695 773 1036 843 Ἀγαμέμνονος
1055 774 1312 846 Ἀτξεὶδοιο

191 849 307 900 Auo)
338 849 379 900 δ’
409 850 635 920 η’ξῆσοιντο,
663 851 806 899 θεοῖο-ι
836 847 880 900 δε
912 853 1070 919 χεῖξοις
1098 847 1300 937 ἀνευ-χον·

173 922 303 973 Ωὸε
331 921 375 974 δε
403 946 465 981 τις
495 922 708 979 εἴπεσκεν,
735 920 828 973 ι’δων
858 924 914 979 εἷς
943 920 1090 993 ἔξοινον
1121 921 1252 994 εὐξύν·

257 998 347 1047 Ζεῦ
372 998 531 1068 πίονες,
557 1020 579 1054 η
610 995 796 1047 Αἴαντα
822 1002 1006 1065 λαχεῖν,
1034 1021 1056 1054 η
1048 995 1240 1054 Τυδέος
1268 994 1368 1054 υἱον,

41 1073 145 1122 180
173 1068 244 1121 ”H
273 1069 403 1122 αὑτὸν
429 1071 645 1134 βασιλῆα
672 1069 979 1142 πολυχρύσοιο
1000 1072 1224 1129 Μυκήνης.

0 1157 13 1166 “
248 1142 349 1203 “Q
377 1143 445 1216 εἴς’
476 1142 598 1209 ἕφοον·
626 1145 803 1196 πάλλεν
831 1143 876 1196 δὲ
903 1145 1096 1215 Γεξῇνιος
1121 1143 1292 1196 ἱππότα
1318 1142 1516 1216 Νέστωρ·

45 703 148 754 175

104 1293 164 1321 170
189 1291 260 1321 Hos
276 1297 383 1322 autem
398 1291 479 1322 inter
490 1302 597 1322 rursus
613 1291 690 1322 dixit
708 1291 862 1322 Gerenius
877 1301 971 1333 eques
988 1292 1116 1330 Neston-3

223 1350 240 1363 ‘⁴
257 1343 398 1375 Sortibus
412 1355 496 1375 nunc
512 1346 666 1376 sortimini
688 1345 832 1381 universi,
849 1345 900 1375 cui
916 1356 981 1376 sors
996 1345 1158 1387 obtigerit:

184 1403 201 1417 ‘⁶
217 1397 278 1428 Ille
293 1399 376 1428 enim
395 1410 469 1429 sane
479 1399 601 1439 juvabit
615 1400 850 1429 bene-ocreatus
866 1400 1017 1430 Achivos:

185 1457 203 1470 “
218 1451 304 1487 Quin
318 1452 413 1482 etiam
428 1452 494 1492 ipse
508 1464 602 1483 suum
616 1453 759 1483 animum
770 1453 900 1493 juvabit,
918 1453 945 1484 si
959 1454 1104 1494 effugerit

181 1510 198 1524 ‘¹
213 1505 346 1536 Ardenti
363 1516 400 1536 ex
415 1506 496 1537 bello
510 1513 541 1537 et
556 1507 643 1548 gravi
660 1507 796 1548 pugna.''

98 1562 158 1590 175
225 1560 275 1590 Sic
291 1560 388 1591 dixit:
413 1561 442 1590 Ii
458 1567 564 1591 autem
578 1567 693 1592 sortem
707 1561 909 1602 signaverunt
924 1561 1053 1602 singuli,

181 1613 224 1644 Et
238 1613 411 1654 injecerunt
426 1615 523 1656 galeae
541 1615 791 1656 Agamemnonis
806 1614 938 1645 Atridae.

180 1668 296 1707 Populi
311 1669 438 1699 interim
455 1669 676 1708 supplicabant,
693 1668 812 1710 diisque
827 1679 941 1699 manus
955 1668 1152 1699 attollebant:

184 1721 234 1752 Sic
249 1728 356 1753 autem
372 1724 442 1764 quis
458 1723 588 1759 dicebat,
605 1723 731 1753 intuens
747 1723 780 1753 in
797 1723 912 1754 coelum
929 1723 1040 1754 latum:

224 1781 243 1795 “
257 1777 384 1816 Jupiter
400 1783 494 1816 pater,
511 1780 550 1808 da
567 1783 673 1808 autem
690 1777 823 1818 Ajacem
838 1778 949 1813 sortiri,
966 1783 1021 1808 aut
1036 1776 1136 1817 Tydei
1152 1775 1261 1812 filium,

99 1832 159 1860 180
183 1836 200 1849 ‘⁸
217 1830 284 1860 Aut
299 1831 402 1870 ipsum
419 1842 525 1873 regem
540 1831 644 1862 divitis
660 1831 842 1871 Mycenes.’‘

225 1884 276 1914 Ita
291 1884 448 1917 dicebant:
471 1885 736 1926 Concutiebatque
750 1892 841 1917 sortes
859 1885 1015 1916 Gerenius
1030 1895 1124 1926 eques
1140 1885 1267 1917 Nestor:

224 1999 288 2027 170
310 2001 381 2030 τοῖσι
397 1997 419 2028 δ’
435 1996 533 2040 αὖτις]
558 1997 628 2028 MS.
657 1997 701 2028 Fl.
730 1998 771 2027 A.
793 1998 825 2029 J.
851 1997 891 2028 R.
939 2000 997 2028 171
1023 1997 1220 2040 πεπάλασθε]
1245 1996 1317 2027 MS.
1364 1994 1445 2026 Ibid.
1467 1995 1525 2025 λοί-

265 2051 353 2094 χῃσι]
378 2052 451 2082 MS.
499 2055 559 2083 174
583 2051 713 2094 πολέμι’]
737 2051 784 2082 Fl.
811 2052 852 2082 A.
876 2051 910 2082 J.
927 2051 965 2091 R.
1013 2053 1072 2082 177
1094 2053 1169 2086 θεοῖς
1183 2050 1234 2092 ἰδὲ]
1257 2050 1304 2081 Fl.
1321 2050 1363 2080 A.
1385 2053 1410 2080 1.

800 2200 871 2221 rum
885 2190 1073 2231 debilitam)
1096 2190 1264 2222 dicendum
1280 2190 1389 2224 fuerat,
1405 2198 1479 2223 non,
1495 2186 1532 2218 αἴ

802 2247 834 2264 κε
849 2234 964 2276 φύγῃσι,
987 2233 1042 2264 Sed
1056 2234 1083 2268 ἴς
1100 2248 1132 2265 κε
1147 2235 1263 2276 φύγῃσι.
1287 2243 1346 2263 nec
1360 2231 1477 2272 utique,
1494 2231 1525 2260 ἐκ

35 2230 72 2266 β
58 2188 162 2261 Vssgfi
180 2192 249 2220 166.
282 2190 465 2232 ἀτάλαντος]
491 2190 576 2221 Vide
601 2201 694 2230 supra
718 2191 758 2222 ad

51 2273 159 2346 dlbid.
183 2275 304 2305 ἰἘνυοιλ
292 2289 323 2314 ιῳ
339 2274 461 2318 ἀνδρειφυ
464 2276 537 2319 walp]
564 2276 648 2306 Vide
667 2287 760 2317 supra

32 2326 48 2346 a
85 2316 114 2351 β’
140 2320 211 2347 651.

78 2359 152 2389 V.er
170 2363 239 2391 170.
257 2363 317 2395 Τοῖς
333 2359 360 2390 δ’
372 2361 452 2392 αὐτο
444 2361 483 2403 ”ς]
501 2363 648 2392 Barnesz'z'
657 2362 755 2393 MSS.

35 2401 110 2439 duo,
128 2405 188 2436 Τοῖς
205 2403 226 2433 δ’
242 2417 310 2434 aun-a
313 2417 335 2437 ς.
388 2403 468 2439 Quae
483 2414 557 2434 sane
570 2410 602 2433 et
615 2404 681 2443 ipsa
695 2404 756 2435 lec-

35 2443 90 2472 tio
95 2454 159 2473 non
174 2445 266 2475 mala.
294 2447 395 2477 Clark.
435 2447 487 2477 Sic
516 2453 547 2477 et
574 2447 646 2477 MS.
673 2447 757 2486 Lips.

36 2485 97 2515 nisi
111 2487 217 2527 quod'
208 2498 241 2518 m
257 2502 298 2519 το
291 2492 314 2523 ”ς
330 2488 411 2518 male
433 2490 561 2520 adhaesit
575 2489 646 2525 iota,
673 2496 710 2520 ut
724 2490 759 2520 in

36 2527 107 2559 edd.
125 2536 195 2560 vett.
239 2531 310 2570 Ego
324 2531 423 2568 oeuS11,5
448 2532 649 2571 praetulerim.

35 2577 88 2611 get
102 2572 185 2602 enim
202 2574 307 2607 αὐτοῖς.
334 2576 412 2605 Ern-

78 2614 161 2644 Ibid.
186 2627 259 2646 ιππο
251 2616 316 2670 '‘roe]
339 2616 424 2647 Vide
436 2628 528 2657 supra
541 2617 581 2648 ad
597 2617 633 2648 α’.
649 2620 717 2649 175.

75 2656 148 2687 Ver.
161 2660 229 2688 172.
239 2658 329 2691 Oua-05
347 2673 458 2702 γαρ-
471 2662 526 2691 Καὶ
540 2660 564 2691 δ’
579 2661 680 2702 αὐτος]
699 2663 759 2692 Ρο-

29 2700 104 2738 pius
118 2700 222 2734 istum,
247 2702 299 2731 καὶ
318 2700 340 2731 δ’
362 2703 457 2737 αὐτὸς,
485 2713 549 2733 non
571 2703 706 2733 eundem
721 2704 758 2733 il.

34 2741 102 2771 lum
118 2742 274 2783 intelligit,
298 2744 352 2784 qui
377 2745 417 2774 ad
438 2745 652 2776 dimicandum
674 2747 762 2775 sorti-

37 2790 88 2814 tus
112 2784 234 2822 fuisset;
271 2786 324 2816 sed
344 2788 441 2817 alium
466 2788 588 2823 scilicet,
622 2788 761 2828 quisquis

36 2837 96 2857 non
112 2834 191 2857 esset
206 2837 279 2858 cum
295 2829 433 2860 Hectore
443 2829 655 2861 dimicaturus.
686 2832 758 2860 Ma-

35 2868 65 2898 le
79 2869 258 2901 admodum.
308 2871 392 2902 Nam
407 2872 464 2902 ista
478 2873 605 2908 ratione,
623 2875 761 2913 (praeter-

34 2921 130 2952 quam
144 2913 228 2954 quod
244 2914 385 2946 Nestoris
400 2925 464 2946 non
478 2921 543 2946 erat
557 2915 679 2946 animos
689 2926 760 2946 suo-

691 2533 760 2563 Fri.

804 2277 947 2316 πολέμοιο,
963 2276 1024 2312 sed,
1046 2278 1119 2308 πόλε
1109 2290 1182 2317 μον.

847 2319 917 2350 Ver.
952 2323 1020 2350 175.
1056 2320 1157 2362 ἒσημῇν
1147 2319 1240 2361 mvn-0]
1271 2320 1321 2358 Sig
1306 2320 1372 2348 onis
1401 2317 1526 2347 occultis

800 2363 957 2400 notabant,
983 2368 1019 2392 ut
1040 2354 1138 2403 liquet
1162 2373 1200 2393 ex
1224 2371 1283 2391 ver.
1303 2363 1371 2391 185.
1398 2365 1430 2390 et
1457 2362 1527 2389 189.

803 2407 902 2436 Clarlc.
945 2405 1019 2436 Non
1044 2412 1120 2444 puto
1140 2407 1199 2435 hoc
1214 2410 1318 2443 patere
1332 2413 1349 2433 e
1364 2403 1440 2433 locis
1454 2401 1525 2431 illis.

803 2447 903 2478 Suum
918 2448 1049 2489 quisque
1059 2448 1184 2488 signum
1197 2446 1317 2477 calculo
1325 2456 1383 2477 suo
1393 2445 1525 2483 inscrip-

801 2497 889 2521 serat.
936 2491 998 2521 Ubi
1023 2490 1140 2521 exierat
1163 2500 1228 2520 sors
1253 2489 1528 2520 circumferebatur

801 2538 833 2562 et
846 2533 1066 2564 ostendebatur
1080 2534 1200 2573 cuique,
1227 2539 1263 2562 ut
1287 2543 1382 2562 suum
1396 2532 1524 2572 signum

803 2582 990 2615 agnosceret,
1008 2576 1098 2616 cujus
1115 2582 1200 2606 esset.
1246 2577 1325 2605 Ern.

847 2619 921 2649 Ver.
947 2622 1015 2649 177.
1038 2620 1127 2650 θεοῖσι
1148 2617 1190 2660 δὲ]
1223 2620 1272 2648 Ac.
1296 2620 1370 2652 θεοῖς
1398 2617 1445 2648 ἰδέ·
1468 2627 1524 2646 no-

802 2666 887 2691 tante
904 2662 948 2692 H.
963 2663 1122 2700 Stephano.

845 2704 920 2734 Ver.
939 2707 1006 2734 185.
1021 2704 1058 2734 Οἱ
1071 2702 1094 2734 δ’
1109 2705 1126 2734 ἐ
1140 2703 1337 2745 γινώσκοντες]
1362 2703 1448 2734 Male
1460 2704 1526 2732 haee

804 2751 975 2780 vertuntur,
999 2756 1064 2776 non
1078 2746 1236 2776 intellecto
1254 2746 1434 2776 Graecismo.
1451 2748 1466 2776 ἐι
1479 2759 1525 2785 '7¹-

805 2789 912 2819 νώσκων
927 2789 1120 2829 ἀπαναίνομοιι
1135 2796 1180 2818 est
1200 2800 1274 2829 nego
1296 2801 1342 2820 me
1357 2799 1526 2830 agnoscere.

805 2831 899 2861 Verte
914 2841 1002 2871 ergo:
1031 2833 1080 2862 Hi
1092 2843 1158 2863 vero
1174 2834 1323 2871 negabant
1339 2843 1369 2863 se
1383 2842 1524 2872 agnosce·

803 2885 836 2905 re
851 2884 891 2904 sc.
915 2883 1008 2904 suum
1031 2875 1166 2914 signum,
1190 2874 1254 2905 sive
1280 2885 1335 2915 pro
1357 2885 1413 2905 sua
1435 2880 1526 2905 sorte.
