1820 3158
862 234 944 280 xiv

270 358 348 400 Cui
368 375 393 401 a
413 361 532 402 rebus
553 365 712 421 magnis
733 366 925 422 seriisque
942 368 1075 408 minus
1096 376 1154 409 est
1175 369 1262 418 otii,
1287 383 1337 409 ex
1358 369 1454 410 locis
1470 370 1693 412 innumeris

204 451 268 488 ea,
291 454 383 494 quae
403 452 641 497 sequuntur,
664 446 873 487 consulere
892 448 1056 502 poterit.

260 518 329 560 De
349 523 389 562 vi
408 522 702 578 elegantissima
723 528 941 566 vocularum
963 528 1234 582 quarundam,
1257 543 1349 584 quae
1369 529 1490 586 vulgo
1512 530 1684 581 Versum,

201 611 287 639 non
302 601 556 653 Sententiam,
571 607 726 658 πρῖεν-ε
741 615 835 647 sunt
851 607 1030 648 creditae:
1064 608 1131 649 lib.
1151 609 1196 647 αι’.
1217 624 1299 650 ver.
1322 615 1360 650 6.
1381 615 1446 651 56.
1465 616 1559 651 308.
1577 614 1626 659 β’.
1652 616 1685 651 l.

206 680 297 718 158.
319 680 351 717 ε’.
376 685 471 722 249.
493 685 588 724 273.
606 687 703 725 287.
725 690 822 726 303.
841 686 884 737 ζ’.
906 690 1002 727 323.
1025 692 1120 727 418.
1141 686 1187 724 θ’.
1208 691 1274 727 53.
1298 692 1392 728 558.
1412 688 1455 725 κ’.
1475 693 1570 730 204.
1589 695 1684 732 509.

255 771 323 811 De
349 773 392 813 T
385 789 576 827 empomcm
598 778 768 827 ratione,
791 793 914 833 quam
934 779 977 819 in
998 750 1145 836 lingua*
1158 779 1341 819 Romana
1361 780 1608 834 paucissimi,
1639 782 1682 822 in

201 851 344 892 Graeca
361 855 496 896 nescio
511 871 562 897 an
579 858 793 913 quisquam
806 859 900 900 satis
913 868 1099 900 accurate
1112 859 1339 901 tradiderit:
1369 860 1411 898 α’.
1436 863 1502 901 37.
1522 861 1568 909 γ’.
1594 867 1682 902 141.

193 935 234 973 δ’.
256 938 349 975 492.
373 935 405 973 ε’.
426 940 520 977 587.
541 937 586 988 ξ’.
612 943 703 979 124.
722 938 767 976 θ’.
793 944 888 981 322.
907 940 950 977 κ’.
977 945 1066 981 186.

250 1016 319 1058 De
330 1019 538 1070 prosodia,
561 1027 600 1060 et
620 1021 782 1061 licentia
803 1024 942 1076 (quam
958 1021 1178 1077 appellant)
1199 1022 1381 1072 Poetica,
1404 1021 1526 1078 vulgo
1542 1023 1677 1064 minus

191 1096 408 1140 intellecta:
440 1097 484 1136 σι’.
505 1103 572 1139 20.
605 1103 671 1140 51.
694 1103 762 1140 67.
800 1105 890 1141 140.
912 1105 1008 1142 265.
1041 1105 1137 1141 314.
1170 1105 1264 1142 338.
1288 1101 1334 1147 β’.
1354 1107 1420 1142 43.
1454 1107 1550 1143 314.
1581 1105 1675 1143 537.

192 1183 288 1219 811.
310 1177 357 1225 γ’.
389 1182 587 1218 151.260.
606 1183 703 1219 385.
724 1178 764 1216 δ’.
785 1184 852 1220 42.
873 1180 906 1218 ε’.
926 1185 994 1220 61.
1016 1182 1106 1221 117.
1122 1183 1217 1221 487.
1235 1182 1330 1222 708.
1349 1181 1392 1231 ζ’.
1414 1186 1508 1221 434.
1529 1181 1561 1218 ι’.
1582 1184 1677 1222 378.

244 1259 314 1300 De
333 1273 402 1299 usu
421 1258 659 1315 elegantiori
685 1259 894 1300 Verborum
918 1260 1178 1316 quorundam
1208 1260 1337 1301 rarius
1358 1260 1601 1302 observatio:
1630 1259 1676 1299 α’.

189 1343 286 1380 528.
309 1343 404 1380 593.
424 1338 472 1383 β’.
492 1343 587 1379 269.
608 1338 640 1377 ε’.
658 1340 757 1380 769.
781 1341 875 1381 778.
894 1340 933 1382 η’.
959 1344 1049 1381 161.
1064 1344 1160 1381 216.
1180 1340 1226 1377 θ’.
1249 1345 1339 1381 156.
1359 1345 1454 1381 520.
1473 1342 1519 1378 κ’.
1538 1345 1633 1382 560.

241 1419 311 1461 De
331 1419 491 1459 numeri
512 1420 661 1460 Daulis
681 1434 757 1460 usu
772 1427 812 1460 et
831 1419 990 1461 ratione
1009 1435 1225 1476 perperam
1245 1436 1269 1461 a
1289 1420 1580 1462 Grammaticis
1600 1420 1672 1462 fic-

184 1509 241 1542 ta:
271 1499 317 1537 σι’.
339 1503 432 1539 566.
457 1500 551 1539 567.
570 1498 617 1543 β’.
638 1503 732 1541 288.
754 1499 788 1537 ε’.
808 1502 903 1541 487.
927 1502 1022 1541 778.
1043 1499 1076 1538 ι’.
1098 1502 1164 1541 67.
1192 1505 1283 1541 182.

237 1580 306 1621 De
335 1578 528 1635 loquendi
558 1579 717 1620 ratione
742 1595 805 1630 ea,
839 1595 931 1636 quae
951 1581 1089 1636 inepte
1120 1569 1343 1634 Antzpto'sz's
1375 1579 1454 1620 dici
1475 1578 1589 1621 solet:
1618 1578 1665 1624 β’.

184 1664 279 1701 353.
303 1665 399 1700 681.
422 1659 468 1706 γ’.
488 1663 584 1699 211.
604 1658 647 1710 ζ’.
671 1665 765 1701 396.
788 1665 882 1702 510.
905 1661 947 1698 κ’.
972 1666 1068 1702 224.
1092 1664 1187 1702 437.

236 1742 305 1783 De
323 1741 420 1781 locis
441 1740 685 1796 quibusdam
700 1742 970 1782 emendandis.-
999 1742 1044 1780 σι’.
1066 1745 1133 1782 20.
1156 1745 1251 1781 340.
1269 1745 1363 1781 395.
1387 1744 1480 1780 566.
1498 1739 1548 1787 β’.
1569 1743 1663 1780 426.

178 1821 226 1870 uy'.
248 1827 313 1863 39.
334 1820 373 1859 δ’.
394 1825 462 1861 42.
484 1824 579 1860 242.
601 1820 634 1858 ε’.
655 1822 751 1861 487.
771 1820 814 1858 κ’.
836 1826 932 1864 268.
954 1827 1052 1863 299.
1073 1820 1118 1859 λ’.
1140 1822 1235 1861 732.

233 1903 302 1945 De
337 1916 473 1943 versus
501 1901 685 1942 Numer-is
713 1916 802 1942 rem
822 1903 946 1955 ipsam
976 1901 1305 1959 depingentibus,
1339 1908 1379 1941 et
1408 1898 1661 1941 orationibus

168 1999 378 2039 personam
398 1983 501 2024 mire
535 1982 868 2024 condecentibus:
898 1983 944 2023 α’.
967 1988 1062 2024 436.
1091 1983 1137 2028 β’.
1163 1987 1254 2023 102.
1286 1982 1333 2030 γ’.
1356 1984 1450 2022 357.
1488 1986 1581 2022 363.
1611 1981 1656 2033 ζ’.

177 2069 272 2106 510.
291 2064 329 2106 η’.
355 2066 444 2104 157.
463 2062 495 2101 ι’.
515 2067 611 2103 210.
635 2067 728 2104 551.
750 2063 794 2102 λ’.
815 2067 910 2105 687.
928 2067 1023 2106 697.
1047 2066 1139 2105 766.

230 2146 300 2187 De
319 2144 553 2185 Accentuum
571 2143 731 2184 ratione
750 2144 944 2200 quadam,
967 2145 1098 2186 rarius
1119 2144 1344 2184 observata:
1373 2142 1421 2187 β’.
1441 2144 1536 2183 267.
1560 2148 1654 2184 314.

229 2225 357 2267 Levia
388 2224 557 2279 quidem
576 2223 680 2274 haec,
712 2233 753 2265 et
771 2226 885 2280 parvi
912 2225 1031 2275 forte,
1063 2225 1094 2266 si
1115 2239 1188 2279 per
1221 2238 1262 2263 se
1286 2229 1533 2277 spectentur,
1567 2237 1656 2263 mo-

171 2306 310 2347 menti.
373 2304 455 2347 Sed
485 2319 536 2345 ex
556 2304 762 2347 elementis
792 2314 994 2356 constant,
1021 2320 1073 2346 ex
1102 2302 1311 2360 principiis
1331 2302 1533 2353 oriuntur,
1565 2316 1655 2344 om-

169 2384 252 2426 nia:
287 2386 342 2427 Et
362 2400 413 2427 ex
426 2385 571 2441 judicii
591 2385 884 2428 consuetudine
903 2387 947 2427 in
968 2385 1088 2428 rebus
1107 2385 1266 2425 minutis
1286 2381 1483 2432 adhibita,
1501 2383 1653 2438 pendet

163 2468 384 2524 saepissime
404 2469 527 2511 etiam
546 2468 589 2509 in
609 2469 789 2512 maximis
803 2484 897 2512 vera
917 2479 1039 2526 atque
1059 2475 1248 2510 accurata
1269 2465 1458 2508 scientia.
