1783 3158
159 174 270 225 514

761 174 1086 227 ὈΜΗΡΟΥ

311 319 623 393 Ἀξγιόδοντος
653 320 722 380 ὑὸς
752 322 930 393 θαμέες
956 322 1059 394 ἕχον
1086 322 1201 376 ἐ’νθα
1228 325 1307 376 καὶ
1334 323 1466 386 ἔνθα,

171 397 280 450 265
319 394 389 449 Εῧ
415 397 494 448 καὶ
524 395 810 465 ἓτιςαμένως·
838 397 984 471 μέσσῃ
1015 398 1049 450 δ’
1080 399 1133 450 ἐνὶ
1163 405 1297 458 πῖλος
1325 401 1490 472 &piger

318 472 410 530 Τήν
438 471 500 542 ῥα
525 473 620 523 ποτ’
652 472 698 533 ἐξ
724 473 936 531 Ἐλεῶνος
961 472 1537 546 ἈμύντοξοςῖΟξμενῖδαο

321 544 523 607 Ἐξὲλετ’
556 545 838 608 Αὐτόλυκος,
865 544 1035 599 πυκινόν
1064 546 1193 617 δόμον
1219 550 1523 621 ἀντιτορήσας·

322 621 571 675 Σκάνδειαν
600 620 634 672 δ’
664 619 759 694 οἵξα
787 621 894 674 δῶκε
923 622 1135 694 Κυθηξῖῳ
1160 622 1538 693 Ἀμφιδάμαντι,

323 695 640 766 Ἀμφιδάμας
670 695 714 748 δὲ
744 696 890 765 Μόλῳ
911 696 1018 749 δῶκε
1048 697 1222 758 ξεινηῖον
1251 694 1376 749 εἶναι·

173 772 283 825 270
324 771 531 844 Αὖτοὶξὸ
560 770 753 844 Μηξιόνη
783 771 911 824 δῶκεν
938 771 971 840 ᾧ
998 771 1130 824 παιδὶ
1158 775 1353 844 φοξῆναι·

322 847 399 906 Δὴ
429 847 515 899 τότ’
545 846 800 905 Ὀδυσσῆος
827 846 1026 898 πύκασεν
1047 848 1163 919 καξη
1191 849 1526 916 ἀμφιτεθεῖσα.

322 920 401 975 Τὼ
427 921 487 987 δ’,
515 922 604 973 ἐπεὶ
634 919 680 973 g„
708 921 904 973 ὅπλοισιν
932 922 986 973 ἐνὶ
1015 921 1204 974 δεινοῖσιν
1233 921 1399 986 ἐδύτην,

322 999 420 1049 Βάν
447 997 489 1068 ῥ’
521 995 644 1058 ἰέναι,
674 995 852 1056 λιπέτην
881 995 925 1048 δὲ
954 997 1058 1047 κατ’
1088 995 1255 1048 αὐτόθι
1283 998 1461 1054 πάντας
1479 995 1652 1068 ἀξῖςες·

322 1077 452 1124 Τοῖσι
483 1071 527 1124 δὲ
558 1070 692 1132 δεξιον
721 1071 819 1130 ἧκεν
848 1069 1010 1143 ἓξωδιδν
1038 1069 1180 1136 ἐγγὺς
1208 1070 1319 1122 ὁδοῖο

174 1149 282 1201 275
322 1147 532 1205 Παλλὰς
553 1146 801 1206 Ἀθηναίη·
842 1147 906 1198 τοὶ
936 1145 975 1198 δ’
1007 1145 1064 1197 ἐκ
1092 1145 1182 1197 ἴδον
1209 1146 1502 1215 ὀφθαλμοῖσι

325 1305 711 1346 Albos-dentes-nabentis
726 1305 795 1345 apri
809 1305 988 1346 frequentes
1003 1304 1192 1336 muniebant
1205 1305 1280 1335 hinc
1296 1310 1388 1346 atque
1402 1303 1499 1339 illinc,

239 1366 301 1394 ‘265
327 1363 417 1393 Bene
432 1366 463 1391 et
478 1361 570 1391 scite:
600 1361 634 1390 in
650 1361 756 1391 media
771 1367 878 1391 autem
894 1360 996 1400 pileus
1010 1362 1085 1391 lana
1100 1367 1259 1400 compacta
1275 1366 1399 1400 aptatus
1413 1365 1492 1390 erat:

326 1417 424 1448 Hanc
436 1418 559 1456 galeam
574 1415 735 1456 quondam
750 1426 788 1446 ex
805 1415 928 1446 Eleone
945 1415 1132 1455 Amyntoris
1149 1415 1360 1446 Hormenidae

324 1472 499 1503 Ademerat
515 1471 702 1511 Autolycus,
719 1471 854 1502 solidam
870 1471 1004 1502 domum
1019 1472 1120 1511 quum
1131 1470 1350 1512 perfregisset3

321 1529 364 1558 In
385 1526 520 1557 Scandia
534 1532 642 1557 autem
658 1526 745 1556 dedit
763 1526 910 1566 Cytherio
928 1526 1213 1565 Amphidamanti;

324 1580 557 1621 Amphidamas
575 1591 648 1611 vero
664 1581 756 1612 Molo
771 1581 861 1611 dedit
875 1580 1164 1620 hospitale-munus
1179 1587 1217 1611 ut
1233 1586 1323 1619 esset;

240 1639 304 1669 ‘270
327 1637 394 1667 Hic
410 1643 518 1667 autem
533 1636 674 1667 Merioni
689 1635 776 1667 dedit
791 1647 849 1666 suo
864 1635 930 1666 filio
944 1635 1145 1676 gestandam:

325 1692 376 1722 Ac
391 1698 469 1721 tunc
485 1694 606 1722 demum
623 1690 746 1731 Ulyssis
760 1691 837 1721 texit
853 1696 947 1730 caput
962 1689 1194 1729 circumposita.

322 1746 372 1777 Hi
387 1746 501 1787 itaqueq
518 1752 686 1787 postquam
701 1746 798 1776 armis
814 1745 979 1776 horrendis
993 1745 1163 1776 induerant
1178 1755 1216 1781 se,

324 1801 537 1832 Perrexerunt
551 1801 611 1838 ire;
640 1800 835 1841 reliquerunt
849 1811 923 1831 vero
938 1800 1004 1830 illic
1019 1810 1129 1830 omnes
1145 1799 1327 1839 optimates:

325 1856 391 1887 His
407 1867 499 1896 porro
514 1855 658 1887 dextram
672 1856 760 1887 misit
774 1855 934 1886 ardeolam
949 1865 1046 1895 prope
1061 1855 1146 1885 viam

237 1914 298 1943 275
322 1911 429 1944 Pallas
446 1912 606 1944 Minerva:
630 1912 654 1943 ii
669 1918 775 1943 tamen
787 1922 857 1942 eam
873 1921 939 1942 non
953 1911 1101 1941 viderunt
1114 1909 1214 1941 oculis

430 2005 490 2034 271
516 2001 652 2044 wtizam]
675 2002 747 2032 MS.
761 2002 797 2032 F.
811 2002 852 2032 A.
867 2002 900 2034 J.
916 2007 1007 2032 recte.
1056 2003 1119 2031 275
1143 1998 1268 2041 πέλλον]
1293 1998 1334 2029 A.
1351 2001 1382 2028 52.

177 2175 238 2196 ver.
255 2168 326 2195 281.
343 2171 374 2195 et
387 2163 450 2200 ἦνιν,
468 2174 530 2195 ver.
547 2168 618 2196 292.
636 2170 667 2195 et
689 2164 746 2201 ἔστι,
763 2174 824 2196 ver.
835 2167 908 2195 504.

178 2208 248 2239 vide
265 2219 358 2247 supra
372 2208 412 2238 ad
427 2207 464 2239 α’.
480 2211 530 2238 51.
546 2218 578 2238 n.
599 2212 628 2238 8.

219 2252 297 2282 Ver.
331 2255 403 2282 266.
442 2251 496 2283 Tr‘av
525 2252 562 2292 ῥά
592 2252 660 2281 ποτ’
702 2252 730 2290 ἒξ
757 2250 910 2293 Ἐλεῶνος]

178 2301 195 2314 “
214 2296 311 2325 Hanc
337 2297 442 2335 utique
465 2296 588 2333 galeam
603 2296 674 2324 olim
698 2305 733 2325 ez*
750 2295 874 2330 Eleone,
886 2293 909 2306 ’‘

175 2344 231 2369 etc.
278 2338 354 2367 Vim
371 2338 456 2368 enim
474 2339 566 2368 habet
581 2337 700 2373 vocula,
722 2339 767 2380 ῥα,
785 2337 819 2368 in
835 2347 910 2368 con-

177 2381 332 2412 nectenda
347 2381 501 2411 sententia
522 2391 594 2411 cum
620 2391 657 2411 eo
679 2381 765 2421 quod
781 2391 911 2420 praeces-

176 2424 224 2460 sit,
255 2435 315 2454 ver.
333 2428 405 2455 261.
452 2425 610 2454 Caeterum
638 2430 741 2454 totum
764 2425 850 2455 hunc
865 2424 912 2455 lo-

177 2478 251 2498 cum
268 2468 311 2497 ita
326 2468 469 2497 imitatus
484 2474 530 2497 est
547 2467 714 2507 Virgilius:

210 2535 342 2566 Euryalus
354 2535 475 2566 phaleras
489 2534 657 2564 Rhamnetis,
669 2537 695 2559 et
707 2541 789 2559 aurea
799 2535 880 2560 bullis

208 2577 336 2608 Cingula3
361 2577 478 2609 (Tiburti
492 2577 607 2601 Remulo
619 2577 764 2602 ditissimus
774 2577 840 2601 olim

208 2617 276 2648 Quae
288 2619 372 2643 mittit
383 2619 462 2648 dona,
473 2618 590 2649 hospitio
601 2625 663 2642 cum
672 2618 798 2649 jungeret
808 2618 912 2647 absenS,

206 2657 341 2688 caedicus;
360 2659 405 2683 illc
416 2665 464 2684 suo
476 2659 594 2683 moriens
604 2659 651 2683 dat
661 2658 760 2683 habere
771 2658 877 2689 nepoti3

207 2697 272 2722 Post
282 2702 398 2723 mortem
409 2700 479 2725 bello
491 2699 587 2725 Rutuli
597 2705 740 2731 pugnaque
750 2699 850 2730 potiti5)

211 2736 278 2762 Haec
290 2739 367 2769 rapit.
648 2737 710 2763 AEn.
722 2739 773 2763 IX.
785 2739 844 2764 359.

216 2794 292 2825 Ver.
311 2799 381 2826 268.
408 2795 562 2827 Σκάνδειαν
574 2795 665 2840 δ’ἅξα
679 2795 766 2838 δὸκε]
785 2796 834 2826 EX
846 2801 909 2835 sty-

173 2836 206 2867 lo
227 2839 391 2868 Homerico
415 2839 603 2879 conjecerim
627 2839 784 2880 equidem,
811 2839 909 2870 inter-

169 2879 280 2911 cidisse
306 2881 356 2911 hic
383 2881 513 2912 forsitan
539 2883 744 2922 versiculum3
767 2882 909 2922 adeoque

173 2933 291 2961 vocem,
330 2925 494 2961 Σκάνδειαν,
526 2926 663 2957 extitisse
692 2937 731 2958 ex
761 2931 910 2966 corrupto

954 2164 1103 2194 Hominis
1132 2161 1298 2203 cujusdam
1322 2160 1461 2196 nomine,
1489 2159 1544 2201 qui
1563 2159 1688 2200 galeam

953 2207 993 2237 ab
1019 2207 1171 2246 Autolyco
1200 2211 1359 2245 acceptam
1382 2203 1546 2234 tradiderit
1569 2203 1688 2234 scilicet

955 2251 1227 2290 Amphidamanti.
1275 2248 1338 2279 Sed
1353 2247 1541 2288 conjecturis
1558 2257 1622 2277 non
1639 2252 1687 2276 te-

955 2303 1040 2324 mere
1056 2292 1299 2333 indulgendum,

998 2337 1075 2367 Ver,
1091 2339 1163 2367 271.
1191 2336 1235 2368 Δὴ
1252 2335 1329 2376 τότ’]
1355 2333 1515 2374 Legitima
1537 2333 1618 2362 ratio
1633 2331 1687 2362 de-

955 2379 1072 2411 siderat
1094 2381 1110 2413 ἡ
1137 2379 1187 2410 vel
1205 2379 1283 2411 αὕτη
1306 2377 1338 2411 δὴ
1365 2378 1436 2411 vio-2
1462 2382 1498 2406 ut
1512 2386 1588 2406 mox
1616 2378 1688 2407 5294.

957 2434 996 2454 ex
1012 2423 1166 2454 sexcentis
1180 2422 1249 2452 aliis
1264 2420 1347 2452 locis.
1396 2419 1458 2450 Sed
1473 2419 1626 2449 articulus
1641 2418 1689 2448 vel

957 2477 1133 2506 pronomen
1149 2465 1283 2504 intelligi
1299 2464 1403 2494 debet:
1424 2462 1582 2503 hujusque
1594 2461 1688 2492 ratio-

956 2511 1005 2540 nis
1021 2511 1116 2540 etiam
1131 2509 1193 2539 alia
1208 2514 1282 2538 sunt
1293 2507 1379 2547 apud
1390 2507 1571 2536 Homerum
1581 2514 1686 2535 exem-

955 2554 1016 2594 pla.
1063 2555 1142 2583 Ern.

999 2596 1084 2626 Ibid.
1109 2594 1252 2636 πύκασεν]
1271 2592 1354 2623 Vide
1369 2602 1463 2632 supra
1478 2591 1519 2622 ad
1535 2590 1572 2622 α’.
1587 2594 1658 2622 140.

999 2639 1073 2669 Ver.
1090 2641 1162 2669 272.
1186 2638 1231 2668 Τὼ
1246 2637 1279 2673 δ’,
1296 2638 1356 2667 {m}
1369 2635 1416 2678 ἓν]
1438 2634 1553 2675 Virgil.

986 2690 1113 2714 Protinus
1124 2688 1223 2713 armati
1233 2688 1363 2712 incedunt
1369 2696 1378 2718 3
1396 2692 1462 2717 quos
1472 2685 1561 2710 omnis
1571 2686 1667 2709 euntes

985 2729 1140 2753 Primorum
1163 2734 1259 2752 manus
1285 2727 1318 2751 ad
1334 2728 1423 2758 portas
1442 2726 1629 2756 juvenumque
1649 2728 1691 2748 se-

1047 2774 1168 2799 numque

985 2809 1160 2841 Prosequitur
1171 2808 1247 2833 votis.
1460 2804 1522 2830 AEu.
1538 2803 1587 2828 IX.
1597 2802 1655 2827 308.

994 2852 1071 2882 Ver.
1087 2854 1159 2882 276.
1177 2850 1280 2881 Νύκτα
1296 2849 1327 2880 δι’
1344 2846 1496 2891 ὅρφναῖην,]
1514 2844 1682 2885 Virgilius:

1187 2905 1327 2933 noctisque
1337 2908 1384 2933 per
1396 2901 1521 2927 umbram

963 2944 1077 3010 4Castra
1088 2944 1198 2970 inimica
1207 2945 1312 2975 petunt.
1326 2954 1451 2965 ——-
1484 2939 1554 2966 Ibid.
1566 2945 1621 2965 ver.
1632 2937 1681 2963 314
