1820 3158
475 300 561 342 JO.
625 295 977 341 MATTHIAE
1038 296 1358 339 GESNERO

628 449 764 487 VIRO
796 446 1204 487 CELEBERRIMO

847 595 889 637 S.
925 594 983 636 D.

584 746 615 794 J
619 745 680 794 O.
718 744 888 793 AUG.
932 745 1249 793 ERNESTI.

158 1081 230 1122 An
250 1096 372 1140 quem
401 1081 538 1137 potius
558 1083 720 1123 mittam
740 1082 976 1133 Homerum,
1008 1083 1163 1140 ingenii
1195 1089 1235 1123 et
1265 1082 1476 1123 literarum
1505 1097 1662 1140 graeca-

156 1176 249 1204 rum
269 1164 515 1218 principem,
537 1178 660 1219 quam
683 1163 736 1204 ad
758 1163 853 1213 TE,
879 1163 1182 1214 GESNERE,
1203 1178 1432 1220 graecarum
1455 1165 1659 1205 omnium-

153 1259 232 1300 que
251 1245 455 1286 bonarum
475 1245 684 1285 literarum
706 1245 749 1284 in
773 1244 1002 1285 Germania
1021 1244 1144 1301 longe
1164 1244 1410 1299 principem,
1433 1254 1473 1286 et
1502 1246 1659 1303 ingenii

150 1326 354 1377 felicitate,
378 1327 579 1367 doctrinae
600 1335 803 1368 accuratae
833 1334 873 1367 et
903 1328 1115 1383 exquisitae
1147 1328 1282 1382 copia,
1310 1328 1511 1368 orationis
1542 1328 1658 1370 deni-

151 1422 231 1463 que
251 1407 452 1464 elegantia
472 1417 512 1449 et
536 1408 767 1458 dulcedine,
800 1416 983 1449 veterum
1017 1409 1176 1464 optimo
1206 1409 1352 1464 cuique
1383 1409 1658 1451 simillimum?

151 1495 223 1528 aut
239 1488 304 1528 cui
321 1488 593 1542 acceptiorem
608 1488 720 1530 hunc
741 1489 864 1530 talem
877 1488 1081 1544 hospitem
1097 1497 1238 1544 putem
1254 1488 1356 1539 fore,
1372 1504 1495 1545 quam
1510 1490 1658 1540 TIBI,

147 1571 378 1626 praesertim
395 1572 565 1613 missum
586 1588 609 1613 a
630 1587 711 1622 me,
735 1587 857 1628 quem
879 1581 919 1613 et
941 1572 1036 1627 Ipse
1057 1587 1169 1613 amas
1189 1573 1384 1623 maxime,
1407 1582 1448 1614 et
1469 1573 1580 1615 TUI
1612 1588 1656 1615 a-

150 1653 451 1694 mantissimum
463 1652 613 1694 habes?
645 1654 784 1709 Atque
805 1654 928 1695 etiam
949 1653 1166 1695 defunctus
1190 1654 1346 1704 labore,
1369 1668 1493 1710 quem
1514 1655 1555 1694 in
1576 1654 1657 1697 hac

148 1742 266 1789 parte
285 1735 420 1789 operis
440 1734 627 1784 exhausi,
659 1742 776 1776 tanto
805 1735 941 1775 minus
965 1735 1213 1789 jucundum,
1246 1744 1402 1791 quanto
1431 1736 1656 1790 majoribus

148 1815 292 1856 eodem
316 1824 502 1871 tempore
520 1816 738 1871 premebar
758 1816 952 1857 oneribus
973 1816 1147 1857 aliorum
1167 1816 1372 1866 laborum,
1395 1831 1480 1856 non
1502 1816 1651 1867 habeo,

146 1898 191 1939 in
212 1913 295 1954 quo
314 1897 470 1940 facilius
502 1914 668 1940 omnem
689 1898 794 1939 illius
824 1898 1020 1939 molestiae
1051 1913 1215 1939 sensum
1246 1898 1454 1953 deponere
1482 1899 1652 1953 possim,

146 1992 271 2035 quam
290 1979 334 2019 in
359 1994 548 2020 sermone
570 1979 731 2020 Tecum
752 1979 892 2029 tacit0,
916 1994 990 2034 per
1011 1994 1134 2035 quem
1166 1977 1295 2019 TIBI
1327 1978 1530 2019 rationem
1561 1979 1656 2020 red-

143 2060 241 2102 dam
260 2061 436 2103 instituti
455 2062 550 2103 mei.
610 2062 680 2104 De
700 2077 783 2118 quo
802 2062 926 2103 etiam
945 2061 1099 2103 facilius
1119 2061 1226 2102 bene
1255 2060 1556 2102 existimaturos
1576 2061 1654 2101 ho-

143 2142 290 2193 mines,
322 2157 368 2184 re
396 2143 586 2185 nondum
616 2144 797 2200 cognita,
830 2142 1012 2194 confido,
1045 2144 1079 2183 si
1107 2143 1290 2193 videant,
1322 2157 1403 2192 me,
1435 2142 1649 2183 hominem

141 2237 228 2264 non
247 2224 475 2266 admodum
496 2225 789 2275 confidentem,
817 2225 869 2267 de
899 2241 948 2267 eo
980 2225 1110 2267 TIBI
1139 2224 1358 2281 probando
1388 2239 1474 2265 non
1504 2224 1649 2280 despe-

141 2318 262 2346 rasse.
324 2305 375 2346 In
396 2320 479 2361 quo
501 2305 590 2348 TU
609 2307 732 2348 etiam
753 2307 969 2348 sustinebis
993 2321 1108 2363 spem
1128 2321 1279 2357 meam,
1312 2314 1352 2347 et
1372 2306 1415 2346 in
1445 2305 1648 2360 accipien-

140 2385 203 2427 dis
222 2387 466 2437 rationibus,
490 2388 858 2445 cognoscendaque
878 2389 1009 2444 opella
1028 2404 1135 2439 mea,
1157 2388 1304 2445 magis,
1328 2388 1360 2428 si
1379 2395 1510 2442 poteS‚
1536 2401 1650 2428 amo-

140 2481 228 2509 rem
243 2469 288 2509 in
303 2483 370 2510 me
386 2469 591 2520 TUUM,
605 2484 730 2525 quam
746 2469 891 2511 subtile
904 2469 958 2511 de
972 2470 1119 2511 talibus
1132 2469 1253 2510 rebus
1257 2467 1476 2523 judicium,
1494 2467 1648 2512 audies,

199 2549 345 2591 Habet
365 2558 502 2591 autem
521 2550 613 2591 haec
633 2551 816 2592 narratio
841 2551 1006 2592 initium
1036 2550 1250 2606 ejusmodi,
1283 2549 1396 2604 quod
1424 2550 1469 2589 in
1500 2564 1549 2590 eo
1580 2564 1646 2590 me

143 2631 337 2687 adjuvare
356 2634 495 2688 possit.
557 2633 741 2675 Ducitur
761 2634 871 2674 enim
893 2649 918 2674 a
950 2635 994 2675 C.
1026 2633 1240 2680 Fritsclzi0,
1273 2631 1484 2672 communi
1514 2645 1647 2686 quon-

139 2712 253 2763 dam,
275 2721 316 2754 et
337 2713 466 2755 Tlssl
487 2729 575 2756 non
594 2714 821 2770 injucundo
842 2715 991 2765 amico,
1014 2714 1081 2755 cui
1100 2714 1282 2768 primum
1301 2713 1344 2753 in
1376 2720 1558 2753 mentem
1579 2726 1650 2752 ve-

138 2793 218 2844 nit,
239 2793 475 2845 Homerum,
498 2810 521 2836 e
544 2796 767 2837 Clarkiano
797 2795 987 2851 exemplo
1016 2794 1204 2844 ductum,
1236 2793 1335 2836 dare
1366 2793 1573 2842 studiosis,
1605 2793 1647 2832 in

138 2887 273 2929 eoque
292 2889 420 2930 opera
440 2891 533 2918 mea
551 2877 627 2929 uti,
650 2885 690 2919 et
710 2876 763 2919 ad
784 2876 1070 2934 castigandum
1090 2875 1340 2932 exemplum,
1372 2874 1484 2931 quod
1515 2873 1648 2928 operis

199 2959 308 3003 VoL.
341 2961 375 3003 Ι.
914 2979 938 3003 a
