1783 3158
137 189 246 242 614

732 184 1057 237 ὈΜΗΡΟΥ

135 338 242 390 155
280 335 484 395 Βάλλον,
512 331 775 403 ἀμυνόμενοι
802 336 918 399 σφῶν
945 335 981 385 τ’
1011 334 1167 397 ochran,
1195 358 1274 387 και
1303 338 1531 400 κλισιάων,

282 413 408 468 Νῆων
435 409 471 460 τ’
501 407 736 479 ὧκυπόξων·
765 408 940 474 νιφάδες
969 407 1011 460 δ’
1041 410 1092 468 ὦς
1119 409 1272 462 πῖπτον
1299 409 1450 484 ἐ’ξαζε,

277 483 370 542 “Ag
397 484 432 534 τ’
464 480 623 552 α’νεμος
652 481 779 552 ζαης,
804 480 934 547 νέφεα
959 485 1165 534 σκιόεντα
1193 483 1391 548 δονῆσας,

286 563 365 609 Τα
367 557 522 630 ξφειας
551 556 794 626 κατέχευεν
823 579 895 608 em
924 557 1045 626 χθονὶ
1071 559 1383 648 πελυὲοτεῖξη·

275 631 378 690 “Ως
405 655 481 682 των
509 654 559 683 εκ
586 633 738 704 χειξῶν
763 629 932 695 βελε”’
915 631 1069 701 ερῥεον,
1098 631 1202 702 ᾖμεν
1226 633 1453 703 Ἀχαιῶν,

143 712 248 762 160
283 706 396 759 Ἠδε
424 730 502 757 και
533 729 582 757 εκ
609 705 777 778 Τξῶων·
803 704 976 778 κοξυθες
1004 705 1044 758 δ’
1075 708 1194 776 ἀμφ’
1223 730 1328 759 αυον
1356 731 1530 766 αυτευν,

289 780 590 850 Βαλλόμεναι
616 782 898 849 μυλάκεσσι,
927 803 1006 832 και
1035 780 1221 840 ασπίδες
1244 781 1580 851 ὀμφαλόεσσαι.

289 855 410 915 Δῆ
386 879 449 927 ρα
475 856 566 906 τότ’
591 853 763 924 ᾤμωξεν
788 878 835 906 τε
864 856 992 906 καὶ
971 880 1001 905 ω
1028 856 1286 921 πεπλῇγετο
1311 855 1435 928 punga)

280 930 443 989 ''Ao-cog
468 929 762 1001 Υξτακιὸης,
790 953 869 980 και
899 930 1146 989 άλαςῆσας
1175 953 1277 989 επος

684 1001 788 1021 n·‹s

371 1007 462 1057 Ζεῦ
489 1026 656 1076 πατεξ,
682 1028 704 1062 η
733 1028 797 1074 poe
824 1028 867 1055 νυ
894 1027 973 1055 και
996 1002 1051 1056 σὺ

1079 929 1564 1071 φιλοψευδηςδῖτέτυξο

213 1157 275 1187 155
298 1154 321 1187 J
322 1153 536 1189 aculabantur,
552 1158 789 1194 propugnantes
803 1152 924 1194 sibique
939 1153 1014 1193 ipsis
1029 1159 1061 1184 et
1074 1153 1223 1190 tentoriis,

295 1209 500 1249 Navibusque
515 1207 686 1238 velocibus:
711 1207 808 1238 Nives
822 1214 930 1238 autem
945 1214 981 1238 ut
996 1208 1115 1239 cadunt
1129 1208 1163 1238 in
1179 1214 1292 1239 terram
1298 1220 1308 1247 3

298 1264 388 1300 Quas
403 1269 515 1294 ventus
528 1262 831 1299 vehementer-flans,
849 1264 949 1293 nubes
964 1273 1078 1302 opacas
1091 1263 1227 1304 agitans,

300 1319 432 1349 Crebras
447 1317 763 1348 e-sublimi-effundit
777 1317 808 1347 in
825 1323 941 1347 terram
963 1317 1094 1348 almam:

298 1374 348 1404 Sic
364 1374 478 1403 horum
497 1383 514 1403 e
532 1372 679 1403 manibus
692 1371 754 1402 tela
769 1371 917 1407 fluebant,
934 1378 1000 1402 tam
1017 1372 1222 1408 Achivorum,

216 1431 277 1459 160
300 1428 408 1464 Quam
423 1428 517 1457 etiam
529 1437 567 1457 ex
583 1426 811 1467 Trojauorumz
834 1426 932 1467 galeae
948 1432 1052 1457 autem
1069 1427 1188 1457 circum
1203 1436 1334 1458 raucum
1348 1428 1500 1459 sonabant

296 1483 458 1514 Percussae
473 1481 757 1522 ingentibus-saxis,
777 1487 808 1511 et
822 1481 923 1521 clypei
938 1481 1270 1513 umbonibus-muniti.

300 1539 387 1569 Tum
402 1547 475 1568 vero
489 1537 707 1578 ingemuitque
721 1542 752 1567 et
766 1546 824 1566 sua
841 1537 991 1576 percussit
1005 1537 1126 1568 femora

300 1593 399 1624 Asius
414 1591 614 1633 Hyrtacides,
630 1597 661 1622 et
677 1591 861 1632 indignatus
875 1593 1004 1621 verbum
1020 1591 1099 1622 dixit
1105 1603 1114 1629 ;

342 1654 360 1667 ‘⁵
374 1648 397 1679 J
399 1647 502 1687 upiter
516 1652 615 1687 pater,
630 1646 729 1687 igitur
740 1646 808 1687 jam
824 1652 855 1676 et
870 1652 905 1676 tu
920 1646 1016 1676 fallax
1031 1646 1134 1678 factus
1148 1657 1181 1677 es

349 1741 410 1769 159
435 1737 525 1768 Βέλεω
540 1735 610 1778 ῥέον]
628 1735 701 1766 MS.
718 1734 830 1775 placet.
844 1740 892 1766 est
905 1734 993 1765 enim
1008 1735 1110 1766 lenius
1122 1741 1155 1766 et
1170 1735 1305 1766 suavius.
1350 1736 1405 1767 sic
1419 1741 1451 1767 et
1475 1736 1529 1767 alii
1555 1735 1654 1768 MSS.

382 1791 468 1831 apud
491 1790 691 1822 Barnesium.
737 1793 801 1821 160
825 1789 944 1832 ἀΰτευν]
960 1790 1002 1821 A.
1019 1793 1047 1821 2.
1062 1793 1092 1821 3.
1106 1790 1139 1822 J.
1158 1790 1243 1832 quod
1263 1797 1294 1821 et
1322 1790 1427 1831 ipsum
1451 1797 1573 1822 rectum
1599 1797 1655 1823 est.

193 1973 268 2003 Ver.
287 1975 356 2003 155.
375 1974 485 2003 Λαοῖσιν
500 1969 686 2013 καθύπερθε]
706 1971 755 2001 Al.
778 1973 884 2002 Λαοῖσι.

151 2015 247 2053 Quod
262 2021 293 2045 et
308 2015 382 2045 ferri
396 2020 505 2054 potest.
549 2014 633 2045 Vide
656 2013 696 2043 ad
722 2013 759 2044 α’.
787 2017 837 2045 51.
854 2025 885 2044 n.

150 2063 179 2090 8.
225 2060 327 2090 Clark.
346 2059 460 2094 Immo,
477 2057 561 2098 quod
576 2057 791 2096 recipiendum
812 2062 886 2088 erat.

151 2102 213 2132 vid.
231 2103 305 2132 Var.
323 2102 408 2131 Lect.
454 2103 533 2132 Ern.

196 2145 272 2176 Ver.
301 2148 370 2176 154.
394 2143 721 2187 χερμαδίοισιν-ἀπό
746 2142 877 2187 πύργων]

156 2188 273 2228 Virgil.

185 2247 257 2271 Saxa
270 2253 375 2277 quoque
385 2246 485 2271 infesto
502 2246 644 2270 volvebant
654 2246 781 2277 pondere,
796 2245 817 2270 si
829 2251 880 2276 qua

190 2287 302 2313 Possent
318 2291 416 2312 tectam
429 2288 514 2312 aciem
526 2294 708 2318 perrumpere.
720 2299 813 2307 —

661 2326 723 2350 AE’n.
738 2326 788 2350 IX.
801 2325 856 2349 51⁶2.

196 2377 273 2407 Ver.
295 2380 363 2407 156.
380 2376 486 2418 νιφάδες
509 2376 534 2407 δ’
545 2377 584 2411 ὣς
601 2378 709 2408 πῖπτον
720 2375 827 2419 ἐ’ξαζε,]
846 2375 892 2405 U·

153 2425 262 2461 troque
278 2420 373 2451 modo
388 2427 469 2451 recte
485 2431 517 2450 se
539 2420 665 2450 habebit
687 2419 887 2450 constructio:

154 2463 217 2493 sive
232 2463 389 2498 scribatur,
414 2462 521 2504 νιφάδες
547 2463 570 2493 δ’
597 2464 640 2498 ὦς,
666 2465 774 2493 πῖπτον
800 2463 891 2502 ἔραζε·

154 2511 192 2536 ut
203 2506 310 2537 πίπτων
320 2507 438 2537 scilicet
447 2505 599 2536 referatur
610 2505 651 2535 ad
661 2519 717 2548 χεν
704 2506 818 2544 ope-affima-
827 2506 891 2535 sive

155 2549 317 2585 scribatur,
335 2548 479 2590 νιφάδεςδ’
496 2564 531 2583 ως
549 2549 658 2580 πίτταν
675 2550 704 2579 εό
690 2550 766 2591 οαζε·
782 2554 817 2578 ut
842 2558 890 2578 re-

156 2591 274 2622 feratur
291 2596 400 2623 otim-wa
415 2592 454 2623 ad
472 2590 586 2632 νιφάδες
633 2578 715 2621 Tam
739 2591 824 2621 enim
839 2601 891 2621 co-

155 2636 276 2665 haerent
290 2642 437 2674 tempora,
455 2635 562 2666 πῖπτον
573 2641 605 2665 et
613 2635 782 2675 κατέχευεν,
796 2644 891 2675 quam

155 2680 265 2709 πῖπτον
281 2684 311 2708 et
321 2681 444 2714 βάλλον.
491 2678 605 2718 Virgll.

187 2740 321 2764 sternitur
332 2747 412 2764 omne
423 2741 509 2765 solum
521 2741 597 2764 telis:

451 2788 539 2812 pugna
548 2787 640 2811 aspera
650 2780 748 2810 surgit:

192 2823 315 2855 Quantus
325 2825 358 2848 ab
368 2831 461 2849 occasu
473 2825 584 2848 veniens
594 2823 752 2854 pluvialibus
763 2821 848 2845 hoedis

188 2863 320 2888 Verberat
330 2865 415 2889 imber
428 2864 560 2894 humum3
577 2870 658 2894 quam
667 2863 751 2888 multa
763 2862 892 2893 grandine

222 2905 306 2930 nimbi

961 1970 994 1994 ln
1005 1969 1073 1994 vada
1083 1970 1257 2001 praecipitant,
1267 1977 1330 1995 cum
1340 1971 1445 2002 Jupiter
1450 1970 1574 1996 horridus
1586 1971 1657 1996 Aus-

990 2010 1039 2034 tris

961 2050 1080 2082 Torquet
1091 2058 1216 2082 aquosam
1228 2051 1361 2082 hyemem,
1372 2053 1399 2076 et
1409 2052 1475 2076 coelo
1486 2059 1550 2077 cava
1567 2052 1658 2077 nubila

993 2092 1103 2123 rumpit.
1437 2093 1498 2118 AEn.
1514 2093 1563 2117 IX.
1573 2093 1628 2118 666.

963 2138 1082 2170 Telaque
1097 2140 1254 2171 conjiciunt,
1264 2142 1474 2172 proturbantque
1484 2141 1589 2166 eminus
1599 2141 1659 2166 hos-

995 2182 1050 2204 tem

964 2219 1121 2244 Missilibus:

965 2261 1006 2284 Ac
1017 2260 1101 2290 velut,
1111 2260 1195 2285 effusa
1203 2262 1332 2292 siquando
1341 2262 1471 2292 grandine
1481 2261 1565 2286 nimbi

953 2299 1142 2330 Praecipitant,

965 2354 1056 2362 —-

1157 2341 1195 2364 sic
1205 2341 1316 2365 obrutus
1332 2341 1451 2372 undique
1461 2341 1520 2366 telis

967 2381 1072 2406 AEneas.
1463 2380 1524 2405 AEn.
1531 2381 1565 2406 X.
1575 2380 1629 2406 801.

1070 2438 1199 2462 ffindunt
1207 2437 1287 2461 simul
1298 2437 1415 2468 undique
1425 2438 1477 2462 tela

966 2478 1073 2507 Crebra,
1085 2478 1151 2502 nivis
1160 2478 1224 2506 ritu,
1235 2477 1386 2507 coelumque
1397 2477 1532 2501 obtexitur
1542 2478 1647 2506 umbra,

1439 2517 1500 2542 AEn.
1511 2517 1561 2541 XI.
1571 2517 1627 2542 610.

977 2572 1052 2602 Ver.
1076 2574 1144 2603 159.
1168 2572 1199 2601 ἐκ
1213 2571 1312 2612 χειρῶν
1327 2571 1402 2607 βέλε’
1418 2569 1523 2611 ἒ’ῤῥεον,]
1548 2569 1662 2610 Virgil.

1058 2644 1090 2650 —
1105 2630 1232 2654 Telorum
1245 2629 1382 2653 effundere
1392 2631 1485 2652 contra

967 2672 1056 2695 Omne
1066 2678 1149 2702 genus
1161 2670 1267 2694 Teucri.
1277 2683 1338 2690 —
1441 2668 1504 2693 AEn.
1518 2668 1568 2692 IX.
1577 2667 1633 2693 509.

935 2729 1052 2802 vv?
1070 2733 1140 2760 160.
1163 2729 1282 2771 κέρυθες
1306 2727 1329 2758 Σ“
1354 2729 1428 2767 ἀμφ’
1453 2726 1519 2758 αὖον
1534 2725 1662 2768 uffa-svm]

966 2783 1023 2814 trgi
1037 2795 1045 2803 .

1130 2828 1135 2836 ¹
1152 2843 1213 2850 —
1225 2830 1297 2854 Tum
1309 2832 1382 2854 scuta
1391 2835 1515 2859 eavaeque

969 2871 1044 2896 Dant
1055 2871 1174 2895 sonitum
1183 2871 1259 2895 flictu
1270 2870 1451 2901 galeae—
1458 2868 1520 2893 AEn.
1535 2867 1584 2892 lx.
1595 2867 1651 2893 666.
