1820 3158
862 183 941 229 xvi

157 325 249 352 rum
271 310 442 366 Trojani
473 324 624 369 magna
643 311 757 352 clade
774 311 1020 361 afficiuntur,
1043 310 1143 351 dum
1165 310 1344 352 Glaucus
1375 319 1415 351 et
1436 311 1660 355 Diomedes

158 389 265 434 inter
287 407 328 433 se
349 392 650 448 colloquuntur,
675 400 730 442 et,
755 399 926 446 paterna
946 392 1123 433 amicitia
1143 393 1322 448 cognita,
1354 407 1468 434 arma
1495 409 1662 450 permu-

156 479 256 514 tant.
321 474 478 514 Rursus
505 473 582 514 alia
602 488 741 529 pugna
763 488 785 513 e
804 474 1107 527 provocatione.
1168 473 1277 515 Nam
1301 474 1486 516 Hectore
1510 491 1661 531 provo-

158 563 291 605 cante,
314 555 457 595 sortito
487 567 581 594 cum
601 568 650 594 eo
670 561 829 608 pugnat
850 553 958 606 Ajax
978 553 1259 604 Telamonius,
1281 554 1338 595 ita
1365 555 1523 596 fortiter
1553 565 1661 597 uter-

160 653 253 694 que,
278 644 322 678 ut
344 651 430 677 nox
449 636 658 676 dirimeret
679 642 896 676 certamen.
959 633 1165 675 Postridie
1184 635 1268 689 ejus
1283 635 1378 685 diei,
1399 635 1514 677 factis
1534 636 1656 677 indu-

157 719 228 760 ciis
264 732 463 759 caesorum
502 715 826 772 sepeliendorum
860 730 1014 765 caussa,
1045 729 1188 755 murus
1220 714 1496 757 circumdatur
1524 716 1654 766 classi,

160 813 257 853 quo,
282 797 440 838 Achille
470 797 604 838 adhuc
633 804 859 853 pugnante,
891 810 993 850 opus
1023 809 1109 836 non
1141 793 1284 835 fuerat.
1361 794 1443 836 Sed
1472 794 1652 849 Jupiter,

159 877 400 934 interposito
422 879 641 919 interdicto
661 892 755 919 cum
775 877 967 934 gravibus
987 876 1123 926 minis,
1146 890 1199 917 ne
1219 876 1308 931 quis
1328 876 1518 918 Deorum
1539 876 1653 918 Dea-

159 975 302 1001 rumve
345 975 467 1016 opem
507 959 688 1001 alterutri
728 959 834 1013 parti
854 958 993 1008 ferret,
1014 958 1100 1012 ipse
1129 958 1172 998 in
1206 957 1282 998 Ida
1312 958 1510 1009 consedit,
1541 958 1654 1000 fecit-

160 1060 254 1100 que,
277 1051 337 1094 ut‚
366 1057 615 1099 quamquam
644 1050 791 1083 neutro
824 1041 1017 1082 inclinata
1036 1041 1220 1090 victoria,
1245 1040 1385 1082 Graeci
1415 1049 1552 1082 tamen
1582 1042 1661 1082 mi-

162 1141 239 1168 nus
259 1124 450 1166 valerent.
512 1123 563 1164 In
579 1138 660 1178 quo
682 1137 775 1163 cum
794 1122 820 1163 J
824 1137 906 1162 uno
927 1129 968 1162 et
990 1121 1185 1162 Minerva
1196 1129 1340 1163 contra
1351 1122 1463 1164 Jovis
1479 1137 1661 1178 praecep-

162 1216 250 1248 tum
290 1206 349 1246 ire
387 1203 628 1245 auxiliatum
667 1210 861 1258 pararent
900 1202 1075 1251 Graecis,
1107 1216 1181 1259 per
1212 1201 1367 1242 Iridem
1389 1202 1588 1257 jubentur
1617 1217 1661 1244 se

161 1287 383 1328 continere.
445 1280 608 1326 Interea
649 1284 827 1334 Hector,
860 1291 987 1325 noctu
1017 1283 1216 1324 concione
1249 1283 1407 1333 habita,
1440 1284 1495 1325 ad
1525 1292 1659 1326 castra

161 1376 280 1410 extra
297 1367 444 1408 urbem
464 1366 701 1407 metandum
722 1365 924 1406 hortatur.
985 1363 1099 1405 Tum
1118 1378 1216 1404 vero
1235 1364 1384 1405 timore
1412 1364 1564 1406 stactus
1595 1365 1658 1406 A-

160 1463 425 1506 gamemnon,
447 1447 559 1502 quod
579 1446 758 1496 videbat,
781 1445 928 1486 Jovem
948 1452 1053 1486 stare
1074 1460 1099 1486 a
1129 1444 1340 1499 Trojanis‚
1361 1445 1424 1486 de
1453 1446 1587 1487 reditu
1617 1447 1661 1487 in

158 1531 334 1584 patriam
355 1529 460 1570 serio
480 1528 661 1584 cogitare
680 1526 816 1581 coepit.
878 1526 917 1566 A
948 1540 1030 1581 quo
1052 1539 1147 1566 eum
1165 1525 1224 1566 ita
1251 1525 1458 1566 deterrent
1487 1526 1661 1568 Diome-

159 1612 229 1653 des
244 1620 286 1652 et
305 1611 471 1661 Nestor,
488 1618 534 1651 ut
562 1609 715 1666 legatos
735 1608 842 1649 mitti
862 1607 917 1649 ad
938 1606 1141 1647 Achillem
1171 1605 1381 1656 suadeant,
1414 1606 1486 1661 qui
1510 1605 1568 1647 de
1596 1622 1660 1648 re-

161 1695 417 1738 conciliando
450 1694 755 1751 Agamemnoni
783 1691 942 1733 Achille
971 1699 1111 1747 agant,
1142 1689 1286 1731 oblatis
1316 1690 1489 1747 egregiis
1517 1691 1660 1732 condi-

163 1783 351 1825 tionibus.
415 1781 644 1822 Mittuntur
666 1779 846 1835 Ulysses,
871 1778 980 1832 Ajax
999 1785 1040 1818 et
1061 1776 1253 1817 Phoenix·
1316 1775 1411 1817 Sed-
1427 1790 1569 1816 eorum
1604 1776 1660 1817 le-

160 1865 271 1922 gatio
292 1872 332 1904 et
352 1862 556 1903 orationes
576 1861 703 1901 irritae
721 1858 848 1908 fuere,
885 1856 1128 1898 inexorabili·
1164 1854 1334 1898 Achille.
1376 1888 1380 1893 ,
1400 1854 1533 1911 AEger
1562 1855 1660 1896 inde

159 1945 297 1985 animo
319 1944 608 1999 Agamemnon
630 1955 724 1981 cum
745 1939 925 1980 dormire
944 1952 1031 1978 non
1049 1944 1201 1992 posset,
1214 1935 1310 1977 radit
1329 1943 1455 1977 noctu
1475 1936 1657 1990 primum

161 2025 415 2073 Menelaum,
438 2031 478 2064 et
497 2023 630 2077 ipsum
651 2035 738 2077 prae
758 2020 865 2061 curis
885 2018 1137 2076 vigilantem,
1158 2025 1202 2058 et
1228 2015 1522 2072 expergefactis
1542 2015 1656 2056 duci-

157 2109 250 2156 bus,
271 2105 467 2146 deliberat
487 2103 538 2143 de
559 2102 678 2143 rebus
700 2100 996 2142 communibus.
1059 2097 1414 2146 Placuitmittere‚
1436 2097 1506 2152 qui
1523 2103 1656 2136 castra

164 2189 411 2231 Graecorum
427 2183 743 2240 specularentur.
807 2181 968 2222 Primus
988 2180 1114 2221 lectus
1133 2177 1377 2227 Diomedes,
1391 2177 1466 2232 qui
1496 2176 1572 2218 sibi
1593 2189 1657 2216 so·

163 2271 273 2312 cium
293 2266 486 2309 adscribit
507 2264 708 2320 Ulyssem.
770 2262 929 2303 Eodem
951 2270 1135 2316 tempore
1155 2259 1368 2314 cum-pari
1397 2257 1566 2299 consilio
1585 2271 1656 2298 ex-

163 2356 257 2395 isset
277 2369 299 2394 e
320 2350 511 2406 Trojanis
530 2350 669 2390 castris
690 2347 846 2396 Dolon,
868 2345 1012 2387 incidit
1031 2345 1075 2385 in
1094 2344 1196 2395 illos,
1219 2352 1260 2385 et
1279 2358 1371 2385 cum
1384 2343 1534 2384 timore
1545 2356 1656 2383 mor-

162 2445 213 2485 tis
227 2441 472 2498 prodidisset
497 2439 651 2487 onmia,
682 2436 934 2478 interficitur.
997 2435 1082 2489 Ipsi
1111 2435 1156 2474 in
1185 2441 1317 2474 castra
1347 2431 1530 2486 Trojana
1561 2445 1669 2474 cum.

161 2523 428 2577 irrepsissent,
451 2518 703 2560 interficiunt
726 2517 925 2565 Rhesum,
941 2514 1164 2563 Thracem,
1181 2514 1250 2569 qui
1267 2526 1398 2567 nuper
1419 2512 1655 2556 advenerat,

166 2612 206 2646 et
225 2617 350 2658 equos
370 2602 453 2655 ejus
475 2600 656 2655 abigunt.
720 2597 800 2638 Sed
823 2606 959 2637 tamen
980 2611 1028 2636 ea
1048 2609 1092 2636 re
1110 2594 1213 2634 nihil
1232 2593 1462 2648 profectum
1473 2592 1525 2632 ad
1546 2605 1670 2635 summ

165 2699 275 2725 mam
296 2682 367 2722 rei.
429 2680 537 2720 Nam
558 2680 624 2720 die
643 2687 735 2733 post
751 2678 791 2717 in
813 2676 956 2732 praelio
981 2689 1121 2716 omnes
1151 2687 1283 2729 prope
1312 2673 1453 2714 Duces
1485 2671 1656 2713 Graeco-

163 2779 255 2807 rum
270 2762 550 2809 vulnerantur,
568 2760 661 2800 etin
678 2774 744 2799 eas
760 2757 1001 2814 rediguntur
1016 2755 1222 2812 angustias
1238 2753 1394 2801 Graeei,
1413 2760 1457 2793 ut
1475 2751 1654 2805 primum

165 2860 242 2901 pro
261 2842 389 2884 muris
410 2853 593 2895 pugnare
619 2847 833 2895 cogantur,
870 2836 1018 2877 deinde
1054 2851 1106 2877 ne
1136 2834 1211 2876 hos
1242 2833 1408 2889 quidem
1439 2828 1657 2872 defendere
