1820 3158
869 169 920 215 ix

153 315 219 340 me
247 313 384 339 rursus
412 297 525 339 hunc
554 297 773 340 Homerum
805 299 1065 339 Clarkz‘anum
1096 298 1204 347 edat,
1242 297 1392 338 addere
1425 298 1512 338 alia.
1575 299 1640 340 Ita

150 378 359 435 paullatim
390 378 560 418 materia
598 378 762 419 dabitur
801 377 953 419 idonea
989 379 1041 427 ei,
1075 379 1145 432 qui
1184 385 1345 418 textum
1378 377 1550 416 Homeri
1584 377 1636 417 ad

149 460 271 500 libros
299 467 454 499 veteres
473 459 614 500 melius
644 459 888 499 constituere
917 458 1025 508 velit,
1049 472 1172 513 quam
1207 472 1317 499 nunc
1347 465 1407 497 est
1426 457 1470 496 in
1504 455 1636 497 editis.

150 539 289 594 Atque
308 540 466 580 utinam
485 539 528 580 id
547 538 668 580 faciat
688 539 830 594 aliquis
852 539 903 580 de
923 539 1164 579 doctissimis
1184 537 1279 578 viris
1300 537 1344 577 in
1366 536 1546 585 Batavis,
1568 536 1638 590 qui

148 620 261 662 libris
275 631 316 661 et
335 622 420 661 otio
440 621 663 662 abundant.
715 620 866 661 Melius
886 628 994 661 certe
1010 620 1236 677 ingenium,
1254 618 1456 667 doctrina,
1479 625 1638 671 tempus

148 701 383 751 collocetur,
413 702 569 742 etiamsi
589 701 691 742 nihil
720 701 829 741 aliud
858 710 1058 755 praeterea
1089 699 1276 749 ediderit,
1311 714 1433 754 quam
1464 698 1495 738 si
1530 697 1638 737 mille

148 783 282 837 parvis
313 783 678 833 observationibus,
719 781 771 823 de
791 782 957 840 singulis
986 782 1133 831 verbis,
1166 781 1320 838 glossiS,
1355 788 1426 821 aut
1445 780 1553 820 notis
1585 779 1638 820 ad

147 864 366 904 amatorios
396 864 550 905 libellos
577 878 652 904 nos
683 863 826 905 bearit.
886 862 985 904 Non
1017 878 1099 918 quo
1130 862 1204 903 has
1242 875 1446 916 spernam,
1483 869 1524 900 et
1553 874 1638 900 non

146 951 287 999 gratus
317 945 530 998 accipiam,
561 943 820 1000 laudemque;
864 944 934 984 sed
969 944 1080 999 quod
1114 944 1244 999 magis
1279 941 1421 983 utilem
1454 940 1636 981 laborem

136 1039 312 1075 navare,
344 1026 473 1082 magis
493 1024 677 1066 stabilem
706 1024 880 1081 gloriam
910 1024 963 1065 ad
983 1032 1168 1079 posteros
1198 1038 1280 1064 uno
1310 1022 1379 1064 tali
1406 1035 1529 1076 opere
1559 1020 1634 1060 sibi

146 1118 293 1158 parare
307 1121 424 1161 posse
442 1115 599 1160 putem.
662 1105 742 1146 Sed
759 1105 813 1146 ad
835 1106 1038 1146 Clarkium
1059 1106 1284 1154 veniamus,
1300 1112 1341 1145 et
1357 1112 1519 1152 caetera,
1542 1115 1636 1157 quae

149 1186 193 1226 in
212 1186 296 1240 ejus
316 1187 494 1226 Homero
514 1185 776 1241 recoquendo
788 1186 1048 1227 instituimus.

207 1266 302 1307 Scio
316 1266 412 1317 TE,
437 1266 737 1315 GESNERE‚
755 1274 795 1307 et
807 1266 905 1307 alios
918 1266 1172 1307 doctissimos
1184 1266 1306 1314 viros,
1322 1266 1365 1305 in
1380 1263 1460 1305 hoc
1475 1277 1638 1304 mecum

148 1348 391 1396 consentire,
406 1348 612 1388 neminem
629 1345 763 1388 adhuc
784 1346 836 1387 ad
849 1347 1066 1387 Homerum
1087 1345 1292 1387 edendum
1309 1344 1533 1390 accessisse,
1566 1342 1635 1397 qui

145 1435 306 1469 tantum
321 1429 365 1468 in
385 1443 429 1470 re
445 1429 614 1469 metrica
631 1427 892 1477 Graecorum,
914 1428 957 1467 in
971 1427 1179 1483 elegantiis
1200 1434 1240 1467 et
1259 1425 1414 1466 artibus
1431 1422 1636 1465 Carminis

148 1507 365 1550 Homerici
385 1509 555 1558 videret,
577 1503 773 1549 interiora
796 1508 1004 1549 literarum
1023 1521 1253 1564 graecarum
1274 1505 1404 1562 magis
1423 1510 1636 1559 perspecta

145 1589 314 1631 haberet
336 1591 496 1631 Car-leia.
540 1588 716 1630 Memini
736 1590 845 1630 enim
867 1588 948 1630 TE
976 1589 1032 1629 ita
1044 1588 1230 1643 judicare
1249 1596 1355 1636 tum,
1378 1600 1472 1626 cum
1501 1584 1636 1639 prima

145 1678 238 1726 pars
256 1672 470 1713 Clark-iani
500 1671 674 1710 Homeri
691 1670 744 1711 ad
764 1685 838 1711 nos
859 1678 961 1711 esset
990 1669 1138 1719 delata,
1172 1668 1284 1723 cujus
1304 1676 1393 1708 tum
1423 1665 1546 1706 etiam
1576 1664 1635 1704 vi-

145 1753 293 1794 dendae
323 1751 701 1808 cognoscendaeque
730 1750 962 1792 facultatem
985 1750 1147 1791 dedisti:
1179 1757 1220 1789 et
1240 1748 1282 1787 in
1313 1754 1481 1801 promtu
1516 1754 1634 1792 esset,

82 1873 86 1876 .
145 1847 466 1875 commemorare
495 1847 630 1889 graece
649 1832 993 1881 doctissimorum,
1023 1831 1067 1871 in
1087 1830 1150 1870 his
1173 1828 1330 1870 nemini
1359 1825 1543 1882 profecto
1574 1839 1634 1865 se-

145 1914 268 1956 cundi
314 1914 354 1955 V
349 1905 564 1963 alkenarz'z‘,
604 1913 847 1954 testimonia.
929 1912 1026 1961 Quo
1062 1912 1196 1952 minus
1231 1917 1305 1951 aut
1341 1907 1558 1956 mirabere,
1601 1906 1633 1946 si

143 1995 434 2051 quamplurimi
454 1994 641 2049 exempla
671 1995 891 2035 Clarkiana
913 2000 1121 2048 expetant,
1148 1988 1492 2045 autimprobabis.
1518 2002 1633 2041 repe-

142 2077 280 2119 tendae
308 2076 413 2118 illius
432 2076 621 2118 editionis
640 2075 886 2116 institutum:
918 2073 1030 2129 quod
1049 2073 1084 2114 si
1101 2080 1248 2114 tamen*
1259 2071 1429 2119 faceres,
1449 2067 1551 2108 nihil
1572 2082 1631 2107 es-

124 2166 220 2222 fet,
242 2157 354 2213 quod
384 2157 551 2198 moleste
568 2155 732 2206 ferrem,
764 2155 834 2210 qui
868 2169 944 2196 nec
974 2161 1116 2195 auctor
1146 2152 1351 2208 cuiquam,
1379 2164 1454 2190 nec
1489 2161 1629 2188 suasor

143 2239 229 2293 ejus
248 2239 308 2280 rei
331 2238 403 2288 fui,
434 2238 618 2278 laborem
645 2236 757 2278 hunc
777 2236 900 2277 etiam
930 2235 1095 2285 invitus,
1117 2248 1165 2275 ac
1195 2233 1267 2274 diu
1287 2243 1520 2287 repugnans
1544 2242 1630 2268 sus·-

143 2321 246 2375 cepi.
308 2319 394 2361 Sed
404 2319 516 2360 bona
526 2319 647 2374 hujus
667 2318 856 2359 editionis
876 2325 971 2358 sunt
989 2315 1056 2357 illa
1074 2315 1257 2371 quidem,
1279 2322 1318 2355 et
1331 2314 1374 2353 in
1394 2318 1510 2352 textu
1525 2317 1565 2351 et
1584 2309 1629 2350 in

143 2401 339 2448 versione,
361 2401 544 2441 maxime
563 2408 701 2441 tamen
728 2399 772 2439 in
792 2398 910 2440 notis.
971 2397 1131 2439 Textus
1160 2395 1326 2452 quidem
1352 2401 1426 2442 est,
1457 2399 1627 2446 praeter-

142 2497 269 2539 quam
281 2481 326 2522 in
337 2481 559 2531 nonnullis,
578 2482 865 2531 Barnesz'anus,
882 2479 1122 2521 Barnesiani
1134 2486 1271 2519 autem
1290 2475 1396 2516 basis
1416 2473 1629 2515 Schreveli-

142 2576 240 2603 anus
270 2569 341 2603 aut
358 2561 457 2603 huic
476 2561 627 2602 similis.
690 2561 778 2603 Sed⁴
791 2577 816 2602 a
835 2561 1034 2601 Bar-nesio
1053 2558 1189 2600 multis
1208 2557 1307 2598 locis
1326 2555 1436 2606 facit,
1459 2562 1505 2595 ut
1534 2553 1626 2603 scis,

142 2642 444 2693 discessionem,
458 2643 530 2683 ubi
548 2642 613 2684 ille
630 2651 701 2684 aut
722 2642 928 2697 prosodiae
948 2655 1096 2697 graecae
1108 2637 1282 2688 inscitia,
1304 2644 1376 2678 aut
1387 2636 1464 2677 alia
1484 2649 1566 2690 qua
1576 2633 1629 2674 de

142 2740 298 2775 caussa,
311 2725 356 2766 in
371 2733 488 2767 textu
505 2726 675 2767 Homeri
688 2724 888 2767 mutando
899 2724 1096 2779 peccavit,
1113 2737 1196 2780 quo
1210 2721 1323 2771 illum
1339 2720 1507 2762 nomine
1522 2731 1631 2772 saepe

201 2804 310 2847 Vox..
328 2804 361 2847 Ι.
539 2823 546 2830 ·
895 2804 922 2844 b
