1820 3158
691 466 991 517 PRAEFAT
996 465 1069 514 10

459 639 879 694 SAMUELIS
937 633 1313 688 CLARKII.

139 1080 210 1122 UT
244 1080 377 1136 operis
398 1081 571 1123 instituti
602 1084 707 1124 ratio
737 1098 821 1124 uno
845 1092 1008 1138 aspectu
1037 1085 1258 1139 aperiatur,
1291 1083 1511 1125 Lectorem
1539 1082 1629 1124 haec

138 1161 277 1213 paucis
297 1162 341 1201 in
356 1169 609 1203 antecessum
630 1163 835 1204 monitum
855 1163 987 1204 velim.

199 1243 357 1292 Primo,
390 1243 520 1284 Iliada
539 1243 607 1283 hic
630 1258 759 1297 groece
778 1259 902 1299 quam
935 1244 1307 1285 emendatissimam
1327 1244 1473 1285 emitti:
1507 1244 1578 1295 Et,
1602 1246 1633 1286 si

143 1324 289 1380 quibus
323 1324 366 1364 in
397 1324 509 1373 locis,
541 1324 680 1378 paucis
711 1324 878 1379 quidem
908 1324 997 1374 illis,
1032 1325 1102 1365 sed
1133 1325 1443 1380 quibuscunque
1462 1326 1507 1365 in
1537 1325 1633 1366 locis

145 1419 170 1444 a
189 1404 377 1460 Vulgatis
396 1404 615 1445 discessum
638 1406 688 1446 sit
695 1423 707 1455 ;
739 1406 783 1445 in
806 1406 1173 1455 Annotationibus,
1204 1421 1286 1461 qua
1305 1406 1348 1447 id
1370 1406 1530 1447 ratione
1553 1405 1634 1447 fac-

144 1492 229 1525 tum
253 1486 318 1535 sit,
341 1485 574 1542 singulatim
595 1501 679 1526 esse
700 1487 946 1541 expositum.

201 1570 251 1612 In
281 1571 426 1627 graecis
455 1571 580 1610 latine
609 1571 833 1620 reddendis,
877 1572 1018 1625 (quam
1058 1570 1226 1625 quidem
1256 1568 1637 1624 interpretationem

146 1652 323 1693 maxima
345 1666 396 1693 ex
416 1659 532 1706 parte
553 1659 793 1701 correctam,
815 1660 932 1706 parte
952 1651 1087 1707 aliqua
1101 1651 1188 1706 jam
1209 1650 1346 1691 denuo
1367 1649 1637 1705 compositam

146 1737 368 1789 dedimus,)
387 1736 630 1777 latinitatem
652 1735 894 1786 adhibitam,
917 1750 1003 1776 non
1024 1735 1252 1792 elegantem
1272 1735 1414 1790 utique
1435 1743 1475 1775 et
1494 1749 1639 1774 venus-

146 1826 246 1869 tam,
275 1818 345 1859 sed
364 1818 422 1858 ita
444 1817 695 1867 Romanam,
717 1826 763 1858 ut
782 1817 916 1858 verbis
937 1817 1075 1867 verba,
1107 1815 1244 1871 quoad
1265 1816 1350 1870 ejus
1370 1815 1459 1856 fieri
1488 1823 1640 1869 posset,

148 1899 316 1956 singulis
336 1898 495 1955 singula
519 1913 570 1939 ex
591 1898 736 1940 ordine
755 1897 1067 1952 responderent,
1090 1897 1235 1954 graecis
1254 1896 1392 1937 latina.
1455 1895 1571 1944 Quin
1602 1904 1641 1936 et

150 1981 409 2032 Explementa
429 1994 522 2035 quae
542 1979 665 2036 vulgo
685 1979 972 2019 existimantur
998 1977 1038 2018 V
1032 1992 1197 2028 ersuum,
1220 1991 1345 2033 quam
1365 1978 1409 2017 in
1438 1977 1640 2018 Sententia

151 2061 345 2113 explenda
376 2059 458 2100 vim
478 2059 671 2109 habeant,
705 2060 918 2114 propriam
938 2073 1111 2115 quaeque
1138 2067 1178 2100 et
1199 2074 1329 2108 suam,
1368 2059 1412 2099 in
1433 2058 1643 2113 permultis

153 2148 197 2181 ut
216 2148 393 2196 nequeat
412 2155 497 2181 non
518 2140 667 2180 sentire
689 2139 855 2189 Lector,
878 2139 1095 2196 diligenter
1115 2139 1317 2180 effectum.

210 2221 261 2262 In
297 2222 630 2262 Annotationibus
653 2236 702 2262 ea
736 2220 820 2261 fere
840 2220 1012 2275 adjecta,
1049 2235 1142 2276 quae
1163 2221 1225 2261 vel
1260 2220 1313 2261 ad
1345 2220 1486 2260 Poe'tae
1518 2225 1642 2260 artem

151 2303 423 2356 aperiendam,
456 2302 518 2343 vel
557 2301 610 2343 ad
649 2302 846 2342 orationis
885 2308 1116 2342 ornamenta
1150 2301 1425 2356 particulatim
1456 2313 1644 2340 common-

153 2386 335 2434 stranda,
357 2384 419 2424 vel
439 2383 491 2424 ad
511 2384 742 2424 sententiam
763 2384 1040 2424 illustrandam
1060 2383 1290 2438 praesertim
1309 2382 1442 2423 facere
1456 2380 1643 2422 videren-

154 2471 234 2505 tur.
295 2464 547 2519 Quanquam
578 2463 656 2505 hac
680 2463 847 2519 quidem
877 2472 1084 2519 postrema
1112 2464 1157 2504 in
1185 2472 1303 2518 parte
1322 2461 1435 2503 haud
1468 2461 1646 2503 multum

155 2551 242 2584 erat
270 2544 510 2599 ponendum
539 2544 688 2598 operis,
718 2559 812 2585 cum
845 2544 1086 2585 Homericae
1107 2543 1350 2599 eloquentiae
1381 2550 1420 2583 et
1449 2551 1648 2597 perpetua

150 2632 196 2681 'et
235 2625 447 2681 singularis
476 2625 604 2665 virtus
639 2625 689 2665 sit
701 2626 977 2682 *perspicuitas
1006 2625 1050 2665 in
1090 2623 1340 2665 carminibus
1380 2622 1646 2664 ornatissimis

158 2703 288 2755 tanta,
323 2713 518 2761 quantam
548 2720 601 2746 ne
625 2705 669 2744 in
691 2705 822 2746 soluto
853 2705 1020 2761 quidem
1050 2703 1253 2746 scribendi
1282 2718 1433 2761 genere
1466 2717 1648 2759 unquam

158 2794 394 2842 assequutus
414 2793 473 2827 est
493 2786 719 2842 quisquam.
