1820 3158
664 164 974 216 ἸΛΙΑΔΟΣ
1016 164 1093 213 Α’.
1597 159 1629 213 7

276 320 416 385 ’Ὑμῖν
441 314 522 384 μὲν
551 313 647 365 θεοὶ
671 311 794 369 δοῖεν,
816 310 1024 380 ὀλύμπια
1052 309 1227 379 Baium?
1256 308 1448 379 ἔχοντες,

279 388 525 461 Ἐκπὲξσαι
553 389 782 460 Πξιίιμοιο
807 385 934 438 πόλιν
954 383 1002 437 εἶ’]
1022 384 1062 437 δ’
1087 382 1238 436 οἴκαδ’
1262 382 1467 435 ἱκέσθαι·

173 469 243 518 20
280 464 443 517 Παῖδα
470 463 513 515 δέ
541 485 619 532 μοι
647 463 839 514 λύσαιτε
868 460 1015 526 φίλην,
1041 458 1104 511 τοὶ
1133 458 1167 511 δ’
1192 456 1354 510 ἄποινα
1381 456 1597 527 δέχεσθε,

276 538 514 609 Ἀζόμενοι
542 536 656 596 Διὸς
683 535 767 588 υἱὸν
795 534 1013 600 ἑκηβόλον
1035 532 1328 586 Ἀπόλλωνα.

272 612 398 666 ’Ἔνθ’
429 612 572 665 ἄλλοι
599 611 680 682 μὲν
707 612 869 670 πάντες
896 610 1218 679 ἒπευφῆμησαν
1242 606 1456 678 Ἀχαιοὶ,

284 767 302 782 “
316 760 416 791 Vobis
431 760 559 801 quidem
573 759 618 790 dii
634 759 718 794 dent,
742 758 881 788 coelestee
903 757 1017 787 domos
1032 755 1215 791 habitantes,

285 822 303 835 “
318 814 494 846 Excindere
510 814 629 845 Priami
645 814 765 849 urbem,
781 812 979 853 feliciterque
994 811 1128 842 domum
1143 810 1269 841 reverti:

219 874 262 902 ΩΟ
285 876 303 890 “
318 870 432 900 Filiam
448 875 554 900 autem
566 868 645 899 mihi
660 868 790 899 liberate
805 867 961 902 dilectam,
981 873 1012 897 et
1027 863 1377 907 pretium-liberationis
1391 862 1529 902 accipite,

285 931 303 945 “
319 925 458 956 Reveriti
472 925 496 956 J
497 924 563 954 ovis
578 923 681 954 filium
696 922 1002 964 longe-jaculantem
1020 919 1237 961 Apollinem.’'

282 980 377 1012 Tunc
391 979 444 1010 alii
462 979 591 1020 quidem
607 988 718 1009 omnes
733 979 980 1018 comprobarunt
995 975 1121 1011 Achivi,

327 1084 370 1112 20
391 1079 489 1112 παῖδα
504 1079 526 1111 δ’
549 1079 623 1122 ἐμοὶ]
654 1079 727 1110 MS.
751 1079 789 1110 1..
816 1080 907 1110 bene.
951 1077 1078 1120 λύσατε]
1103 1075 1185 1108 Edd.
1210 1081 1282 1107 vett.
1306 1083 1417 1106 omnes
1442 1078 1474 1104 et
1503 1072 1576 1104 MS.
1603 1072 1638 1102 L.

392 1145 411 1165 a
432 1145 516 1166 man.
531 1144 590 1165 sec.
607 1134 741 1165 λύσασθε
757 1134 854 1165 Bam.
899 1132 1057 1175 δέχεσθαι]
1075 1131 1148 1163 MS.
1167 1129 1291 1172 δέχεσθε
1307 1140 1326 1161 a
1340 1139 1424 1160 man.
1439 1138 1498 1159 sec.

136 1251 283 1283 omnibus
298 1251 332 1282 in
355 1252 473 1293 linguis
495 1252 653 1283 interdum
668 1262 729 1283 usu
761 1252 854 1283 venit.

138 1296 190 1326 Sic
203 1294 286 1334 apud
300 1295 503 1334 Sophoclem

167 1368 274 1400 'Aaron'
287 1369 421 1405 ἀπηχὲς
435 1369 505 1396 Oe‘om
520 1368 571 1399 ’τοῖς
586 1368 720 1406 ἔγχωςῖως.

140 1423 287 1454 Trachin.
306 1426 377 1454 186.
435 1423 518 1453 Vide
540 1423 622 1453 infra
637 1423 676 1454 ad
693 1423 734 1459 β’.
751 1425 823 1454 268.
838 1428 870 1453 et

179 1509 253 1539 Ver.
273 1512 319 1540 19.
344 1509 427 1540 πόλιν
454 1507 499 1551 εὖ]
523 1509 596 1545 Qua
614 1510 741 1544 ratione,
767 1509 862 1547 πὸλιν,

133 1551 283 1592 syllabam
306 1552 358 1582 hic
381 1552 584 1590 posteriorem
609 1552 769 1592 producat,
792 1551 863 1582 vide

134 1594 220 1625 infra
234 1594 274 1625 ad
289 1606 350 1626 ver.
367 1598 418 1625 51.

176 1637 251 1669 Ver.
273 1642 323 1669 20.
363 1636 467 1669 Παῖἶα
492 1637 519 1668 δέ
538 1638 600 1681 μοι]
626 1638 774 1669 scribunt
806 1637 864 1668 Viri

131 1680 262 1722 quidam
276 1681 368 1717 docti,
392 1691 457 1712 non
479 1681 610 1718 inficere,
636 1681 742 1713 Πιῖδα
757 1680 778 1712 δ’
794 1681 863 1721 ἐμοί.

134 1723 181 1754 Ut
195 1724 235 1754 sit
255 1726 316 1764 ἒμοὶ
331 1725 544 1764 emphaticum
560 1725 685 1761 scilicet,
701 1730 733 1756 et
749 1725 863 1756 refera-

133 1771 186 1797 tur
199 1766 241 1797 ad
253 1769 342 1807 Ὑμῖν
355 1767 440 1808 quod
456 1775 659 1807 praecesserat.
705 1767 789 1799 Vide
804 1770 863 1799 Bi-

131 1811 298 1851 bliotheque
323 1813 442 1846 choisie,
471 1811 562 1842 Tom.
585 1812 647 1842 XI.
665 1822 692 1850 p.
721 1814 793 1842 551.
819 1813 862 1842 Et

132 1855 214 1884 Acta
232 1855 435 1885 Eruditorum
461 1856 549 1895 Lz'ps.
574 1858 615 1886 ad
638 1856 737 1886 Mens.
769 1856 859 1886 Febr.

174 1940 258 1971 Ibid.
278 1941 400 1972 λύσαιτε
432 1941 542 1982 φίλη]
572 1941 731 1980 Scriptum
754 1946 802 1971 est
826 1940 860 1971 in

132 1981 298 2024 plerisque,
322 1985 443 2015 λύσατε.
504 1984 599 2020 Quod
622 1985 755 2015 omnino
787 1983 862 2014 ferri

133 2035 198 2056 non
213 2032 323 2066 potest.
369 2027 466 2065 Nam,
482 2027 608 2066 λύσατε,
619 2027 790 2058 secundam
805 2038 862 2058 ne-

132 2069 265 2100 cessario
290 2070 425 2110 corripit.
482 2070 594 2111 Neque
618 2071 651 2101 id
676 2071 744 2101 ullo
767 2070 864 2101 modo

131 2113 234 2143 sanari
249 2119 359 2152 potest.
406 2114 513 2149 Quam
528 2115 614 2144 enim
630 2114 792 2145 Po‘e'ticam
807 2124 860 2153 ap-

131 2155 251 2195 pellant
271 2155 441 2192 licentiam,
468 2167 506 2186 ea
530 2167 604 2187 vero
628 2158 661 2187 in
687 2158 864 2198 hujumodi

130 2198 261 2239 syllabis
274 2198 394 2234 mediis,
411 2210 450 2230 ex
461 2200 575 2240 quibus
590 2202 770 2242 Temporum
783 2211 860 2240 pen-

131 2240 186 2272 det
201 2244 373 2274 Casuumve
393 2243 556 2283 Analogia,
573 2244 668 2284 plane
688 2250 736 2274 est
761 2244 858 2275 nulla.

133 2284 261 2325 UtIque,
278 2287 345 2316 haec
369 2285 458 2326 siqua
473 2294 559 2322 esset,
588 2287 729 2326 periisset
755 2288 860 2318 omnis

132 2327 294 2359 Prosodia.
330 2328 424 2364 Quod
437 2329 534 2370 igitur
543 2331 587 2360 ait
602 2330 650 2360 vir
660 2330 860 2361 doctissimus

131 2372 214 2402 Phil.
241 2372 353 2407 Labbe,
389 2374 513 2403 Prosod.
539 2383 568 2412 p.
597 2377 650 2404 42.
691 2380 709 2393 ‘⁴
736 2375 859 2411 Λύσατε,

132 2418 151 2435 “
168 2413 259 2445 Iliad.
275 2415 312 2446 α’.
328 2418 377 2446 20.
400 2418 558 2455 singulare
572 2423 613 2448 est
622 2416 659 2452 ;''
672 2417 861 2449 tantundem

129 2463 183 2493 cat,
200 2467 237 2488 ac
251 2457 277 2488 si
292 2458 425 2493 dixisset,
449 2466 627 2500 corruptum
641 2467 695 2492 est.

177 2500 243 2530 Alii
265 2501 364 2540 igitur
378 2501 529 2542 legerunt,
546 2503 639 2534 λῦσαί
652 2517 684 2535 τε
710 2504 804 2544 φίλην,
818 2505 860 2536 τὲ

128 2542 153 2574 δ’
168 2544 272 2575 ἄποινα
287 2542 438 2585 δὲχεσθαι.
487 2547 607 2576 Verum
631 2548 698 2577 haec
720 2557 794 2578 cum
809 2558 857 2578 Se-

128 2591 254 2627 quente,
265 2588 414 2627 ‘Agipsum
437 2589 545 2620 minus
561 2596 643 2620 recte
657 2591 858 2622 conveniunt.

131 2631 195 2670 (At
210 2630 430 2666 nominativus,
447 2632 557 2663 eodem
586 2633 681 2664 modo
707 2640 753 2665 est
771 2634 808 2664 ll.
825 2635 857 2677 ρ’.

129 2676 204 2704 692.
219 2672 252 2703 η’.
266 2676 339 2704 537.
350 2673 413 2705 vid.
426 2675 523 2706 etiam
532 2677 639 2708 Vann.
652 2677 730 2708 Crit.
741 2688 771 2718 p.
785 2680 859 2708 342.

130 2718 204 2746 345.
220 2717 317 2755 Erit.)

173 2759 255 2789 Phil.
270 2758 386 2790 Labbe.
418 2762 564 2793 Thesaur,
589 2764 716 2794 Prosod.
740 2773 769 2803 p.
788 2766 857 2794 113.

129 2802 258 2841 conjicit
281 2801 461 2843 legendum,
489 2805 633 2837 λόσωσθε.
683 2808 790 2848 Atque
814 2806 858 2836 ita

131 2844 262 2885 quidem
275 2843 409 2879 fidenter
430 2846 529 2880 edidit
542 2850 724 2888 Bar-nesius,
749 2849 860 2883 istam-

911 1260 973 1291 que
1003 1249 1171 1280 lectionem
1201 1247 1379 1280 confirmari
1413 1247 1571 1279 existimat
1604 1257 1641 1279 ex

911 1303 966 1323 ver
983 1296 1034 1323 15.
1061 1293 1212 1332 Λυσόμενὸς
1236 1305 1268 1322 τε
1292 1292 1445 1334 θύγατρα.
1491 1292 1553 1322 Sed
1577 1301 1643 1322 non

913 1335 1140 1370 animadvertit,
1163 1334 1211 1377 (id
1223 1334 1308 1376 quod
1322 1340 1405 1364 recte
1421 1336 1540 1366 notavit
1553 1336 1640 1365 Auc-

913 1385 962 1410 tor
977 1379 1107 1420 quidam
1125 1377 1362 1412 eruditissimus
1380 1377 1413 1407 in
1437 1380 1524 1409 Actis
1541 1379 1641 1409 Erud.

913 1425 1001 1464 Lips.
1024 1425 1067 1453 ad
1083 1423 1183 1453 Eleus.
1199 1423 1289 1453 Febr.
1309 1421 1414 1461 1712.)
1439 1423 1568 1451 verbum
1583 1422 1642 1452 hoc

913 1466 996 1506 apud
1013 1467 1183 1497 Homerum
1206 1464 1240 1494 in
1255 1475 1322 1495 voce
1337 1466 1437 1494 media
1454 1464 1493 1494 de
1509 1475 1546 1494 eo
1561 1464 1640 1494 sole-

907 1520 941 1540 re
957 1509 1108 1549 usurpari,
1135 1508 1190 1548 qui
1204 1510 1276 1538 daeo
1287 1509 1388 1546 pretio
1415 1509 1543 1538 redimit
1569 1519 1640 1547 cap-

907 1555 998 1590 tivos‚-
1021 1553 1055 1583 in
1080 1554 1181 1583 activa
1209 1557 1316 1581 autem
1331 1549 1371 1580 de
1394 1561 1440 1585 eo,
1464 1551 1518 1592 qui
1538 1553 1640 1590 pretio

907 1603 1029 1636 accepto
1043 1597 1146 1627 reddit
1167 1596 1343 1634 redemptos.
1386 1594 1440 1625 De
1461 1604 1499 1625 eo
1523 1594 1576 1634 qui
1592 1605 1641 1625 re-

908 1641 999 1670 dimit
1015 1639 1160 1679 oepfivos,
1177 1647 1238 1668 ver.
1257 1640 1304 1668 15.
1321 1642 1352 1667 et
1368 1640 1440 1668 572.
1458 1637 1553 1677 hujus
1567 1636 1639 1668 libri

908 1682 1057 1722 λύσομενός
1082 1695 1113 1712 τε
1133 1681 1286 1724 θύγατρα.
1333 1680 1417 1711 Item
1439 1680 1480 1711 ω’.
1495 1683 1567 1711 502.
1584 1688 1638 1711 λυ-

907 1727 1018 1765 σόμενος
1035 1726 1116 1769 παρὰ
1134 1726 1198 1756 σεῖο.
1221 1724 1266 1754 Et
1279 1722 1353 1754 ibid.
1365 1734 1426 1754 ver.
1440 1726 1512 1755 175.
1527 1723 1638 1755 λύσασ-

907 1770 961 1800 Sa.
978 1770 1002 1800 α’
1019 1769 1170 1800 ἐκέλευσεν.
1215 1767 1268 1797 De
1293 1777 1331 1798 eo
1345 1773 1452 1798 autem
1467 1766 1522 1808 qui
1536 1769 1638 1798 reddit

906 1812 1093 1852 redemptos,
1109 1821 1171 1842 ver.
1186 1814 1237 1842 29.
1252 1811 1344 1851 hujus
1370 1812 1451 1846 libri,
1475 1811 1526 1843 τὴν
1541 1810 1565 1842 δ’
1579 1811 1639 1851 ἐγὼ

905 1856 937 1886 οὗ
946 1855 1034 1886 λύσω.
1083 1856 1167 1885 Item
1183 1853 1222 1886 ω’.
1241 1856 1309 1884 137.
1325 1853 1416 1884 Ἀλλ’
1431 1854 1489 1894 οἵγε
1499 1852 1531 1887 δὴ
1544 1854 1642 1885 Minu.

905 1898 950 1929 Et
963 1898 1041 1930 ibid.
1068 1901 1143 1930 561.
1169 1898 1230 1929 νοέω
1244 1895 1272 1927 δὲ
1283 1898 1334 1927 καὶ
1349 1897 1435 1931 αὕη-ὂς
1447 1898 1578 1941 ‘'Em-ogd
1597 1911 1640 1928 ‘rot

905 1942 1002 1973 λῦσαι.

950 1980 1046 2021 Quod
1071 1984 1158 2016 addit
1185 1985 1366 2018 Barnesius,
1393 1983 1527 2015 λύσασθε
1553 1983 1636 2014 bene

906 2037 1078 2068 congruere
1093 2038 1168 2058 cum
1185 2027 1326 2067 sequenti
1349 2026 1475 2067 δέχεσθε
1485 2044 1492 2062 ;
1516 2025 1547 2057 id
1563 2037 1637 2057 vero

906 2071 999 2101 nihili
1014 2078 1068 2102 est.
1113 2072 1199 2102 Nam
1221 2069 1354 2111 δέχομαι,
1380 2072 1513 2101 activam
1537 2081 1635 2101 vocem

906 2124 971 2144 non
1000 2116 1103 2146 habet.
1147 2115 1192 2144 Et
1215 2114 1249 2143 in
1275 2114 1345 2143 loco
1370 2113 1426 2143 illo
1446 2114 1514 2154 jam
1541 2113 1636 2143 citato

907 2157 960 2198 (ω’.
977 2159 1062 2198 157.)
1078 2157 1132 2188 ubi
1143 2164 1315 2197 utrumque
1330 2157 1444 2186 horum
1457 2157 1638 2186 Verborum

905 2200 1015 2231 itidem
1046 2202 1080 2232 in
1111 2201 1224 2232 eodem
1249 2210 1340 2230 versu
1367 2205 1496 2238 usurpat
1525 2199 1635 2234 Poeta,

906 2243 1014 2286 (Ἀλλ’
1029 2246 1086 2285 ἄγε
1103 2243 1134 2277 δὴ
1151 2245 1242 2279 λῦσον,
1261 2246 1359 2286 νεκροῖο
1375 2242 1401 2274 δὲ
1411 2241 1485 2280 δέξαι
1501 2242 1633 2282 ἔποψις)

902 2297 968 2317 non
979 2287 1089 2328 utique
1105 2287 1193 2319 λύσαι
1210 2287 1298 2321 dixit,
1316 2285 1370 2316 sed
1387 2287 1479 2316 λῦσον.

947 2331 1096 2371 Denique
1102 2343 1112 2369 ;
1144 2341 1218 2361 cum
1242 2340 1279 2360 ex
1303 2340 1340 2360 eo
1369 2338 1469 2368 pone,
1501 2328 1636 2360 λῦσασθε

904 2374 1106 2405 scribendum
1134 2374 1262 2414 colligat
1292 2372 1350 2402 Vir
1373 2371 1522 2408 eruditus,
1549 2371 1636 2412 quod

906 2422 924 2436 “
938 2418 1008 2448 MS.
1024 2420 1154 2449 Borocc.
1185 2419 1275 2448 Oxou.
1299 2415 1492 2457 ταραφςιέζει,
1519 2415 1635 2457 Λιιτρέ-

907 2465 925 2479 “
939 2460 1066 2492 caess?
1090 2466 1121 2491 et
1135 2462 1195 2490 hoc
1211 2469 1335 2500 quoque
1357 2458 1477 2489 nullius
1498 2464 1544 2488 est
1561 2468 1632 2488 mo-

903 2504 1013 2535 menti.
1068 2504 1153 2534 Nam
1180 2501 1326 2542 analogia
1351 2501 1406 2532 illa
1429 2511 1493 2542 qua
1513 2501 1547 2538 is,
1577 2501 1633 2542 qui

902 2546 1001 2578 filiam
1027 2546 1222 2586 redemptam
1236 2546 1359 2584 accipit,
1388 2555 1459 2575 eam
1478 2545 1633 2576 λύσασθαι

903 2589 1033 2627 dicitur;
1066 2590 1120 2631 qui
1156 2595 1263 2620 autem
1288 2590 1426 2624 dimittit,
1454 2589 1559 2623 λῦσαις
1593 2597 1632 2618 ex

902 2632 970 2672 ipso
984 2633 1081 2673 petita
1095 2639 1141 2664 est
1159 2634 1301 2664 Homero.
1347 2631 1434 2667 Quid
1447 2631 1482 2661 in
1493 2633 1567 2662 aliis
1577 2641 1633 2661 vo·

903 2677 1022 2707 cabulis
1054 2678 1247 2707 Recentiores
1282 2674 1413 2706 fecerint
1451 2675 1630 2714 Scriptores,

903 2730 1016 2759 parum
1032 2719 1134 2750 refert.

947 2763 1060 2803 Itaque
1074 2772 1111 2793 ea
1125 2761 1256 2793 demum
1269 2771 1342 2792 vera
1358 2766 1390 2792 et
1403 2760 1576 2792 certissima
1587 2764 1634 2790 est

902 2806 1020 2842 Lectio,
1036 2815 1131 2847 quam
1147 2805 1296 2836 exhibent
1311 2806 1429 2836 Scholia
1446 2806 1631 2843 Moschopu-

901 2851 926 2882 li
942 2851 1026 2882 edica
1046 2861 1066 2881 a
1081 2850 1314 2892 Scherpezoelio;
1337 2858 1496 2892 quamque
1521 2846 1630 2888 Lipsi-
