1820 3158
676 170 980 225 ἸΛΙΑΔΟΣ
1023 172 1098 223 Α’.
1584 177 1622 225 9

271 317 448 371 ‘Ieron'
435 317 735 390 εποιχομὲνην,
759 342 839 371 και
869 317 969 389 ἐμὸν
995 318 1133 390 λέχος
1161 316 1412 371 ἀντιόωσαν·

269 393 412 444 ”Αλλ
440 393 531 450 ἴθι,
556 394 621 462 μῆ
647 394 697 462 μ’
727 393 916 466 ἐξέθιζε·
945 417 1158 484 σαωτεξος
1185 416 1238 452 ως
1259 416 1308 445 κε
1337 392 1466 452 νέηαι.

334 465 436 526 Ως
462 466 612 532 ἔφατ’·
637 467 820 520 ’ἔδδεισεν
846 467 883 520 δ’
910 492 932 520 o
959 466 1106 541 γὲξων,
1133 492 1212 520 και
1235 467 1437 520 ἐπείθετο
1462 467 1612 537 μυθῳ·

268 545 336 600 Bi
364 541 401 593 δ’
428 541 563 593 ἀκέων
586 565 717 614 vaga
746 545 853 594 Sam
878 544 1228 609 πολυφλοισὲοιο
1255 544 1520 602 θαλάσσης.

162 618 234 668 35
271 617 447 668 Πολλοὶ
475 615 508 667 δ’
537 615 666 669 ἔπειτ’
697 619 911 670 ἀπάνευθε
939 616 1035 670 κιὼν
1063 619 1194 690 ›35023’
1225 618 1246 668 ὁ
1274 615 1450 690 γεξαιός

268 690 522 743 Ἀπόλλωνι
550 690 730 749 ἄνακτι,
759 715 827 743 τον
855 690 1044 762 ηὐκομος
1072 715 1170 743 τεκε
1200 693 1346 750 Λητώ·

343 765 509 816 Κλῦθι
530 788 636 834 μευ,
659 765 950 856 Ἀξγυξότοῖ
956 802 970 824 ,
998 791 1042 825 ος
1070 765 1243 848 Χξύσην
1261 763 1616 835 ἀμφιβεβηκας,

267 839 450 891 Κιλλαν
477 862 523 891 τε
554 838 738 910 ζαθεην,
778 838 975 892 Τενεδοιο
1000 863 1046 893 τε
1076 838 1142 906 ι’φι
1170 842 1395 905 ἀνάσσεις,

268 991 287 1006 “
301 985 413 1016 Telam
428 992 670 1026 percurrentem,
688 992 720 1017 et
733 997 842 1018 meum
860 986 978 1018 lectum
993 987 1242 1028 participantem.

271 1045 289 1060 ‘⁵
303 1040 428 1071 Verum
443 1041 502 1077 abi,
517 1051 559 1071 ne
574 1051 626 1071 me
640 1041 740 1072 irrites
746 1053 756 1080 ;
779 1041 881 1072 salvus
896 1048 932 1072 ut
945 1041 1082 1072 redeas.”

312 1095 363 1126 Sic
378 1095 473 1134 dixit;
495 1096 603 1127 timuit
618 1102 724 1127 autem
739 1107 841 1133 senex,
858 1103 888 1127 et
903 1097 1006 1136 paruit
1021 1097 1182 1128 mandato:

271 1150 404 1192 Ibatque
417 1152 530 1182 tacitus
542 1152 634 1192 juxta
648 1152 736 1182 littus
750 1152 1070 1191 multum-strepentis
1083 1152 1187 1188 maris,

205 1207 246 1236 55
268 1204 311 1236 Et
327 1205 463 1236 multum
479 1205 593 1236 deinde
609 1216 749 1237 seorsum
764 1206 831 1236 iens
845 1208 1029 1245 precabatur
1043 1216 1138 1237 senex

269 1260 453 1300 Apollinem
467 1270 583 1301 regem,
600 1271 697 1301 quem
712 1260 926 1300 pulchricoma
941 1261 1061 1300 peperit
1076 1261 1213 1291 Latona:

312 1320 330 1334 “
345 1314 433 1344 Audi
448 1324 508 1350 me,
525 1314 990 1356 splendidum-arcum-gerens⁷
1015 1314 1069 1355 qui
1087 1315 1226 1355 Chrysan
1243 1314 1343 1350 tueris,

271 1373 289 1387 ‘¹
305 1368 473 1410 Cillanque
487 1368 644 1406 eximiam,
661 1368 855 1410 Tenedoque
866 1369 989 1400 fortiter
1004 1368 1146 1408 imperas,

610 1463 652 1490 55
669 1459 780 1503 mm]
800 1459 874 1491 MS.
890 1460 937 1491 m.
954 1460 995 1491 A.
1011 1460 1101 1492 Jum.

808 1627 934 1662 Abibat,
951 1628 1003 1658 He
1017 1638 1079 1658 was
1091 1637 1194 1667 gozng.
1236 1627 1270 1658 Il
1283 1637 1297 1657 s
1321 1636 1362 1656 an
1377 1626 1472 1655 alloit.

512 1669 559 1701 rei
573 1668 689 1711 imper
658 1668 762 1711 fictoe.
775 1631 968 1752 {Coenabat.
987 1672 1038 1701 He
1054 1681 1115 1701 was
1129 1676 1160 1701 at
1176 1680 1296 1710 supper.
1321 1671 1354 1700 Il
1365 1667 1436 1699 e‘tozt
1451 1666 1471 1697 ὰ
1485 1677 1602 1706 suuper.

811 1713 1044 1744 AEdificabatur.
1061 1716 1092 1744 Ic
1103 1724 1164 1745 was
1175 1715 1208 1744 ίη
1219 1713 1370 1752 building.
1399 1712 1444 1741 On
1456 1709 1600 1741 batissoesst

803 1756 941 1786 Abierat.
963 1758 1015 1787 He
1030 1768 1092 1788 was
1104 1767 1192 1797 gone.
1213 1758 1247 1788 Il
1257 1756 1282 1787 s’
1296 1767 1332 1786 en
1348 1754 1420 1785 ἒιοιε
1434 1753 1502 1784 αῖίέ.

803 1799 994 1830 Coenaverat.
1015 1801 1066 1830 He
1076 1802 1139 1830 had
1153 1802 1276 1839 supped.
1300 1800 1332 1829 Il
1345 1800 1424 1829 avoit
1439 1795 1538 1836 soupe'.

803 1841 1008 1873 AEdificatum
1027 1849 1101 1873 erat.
1126 1844 1158 1873 It
1172 1853 1234 1874 was
1248 1843 1333 1873 built.
1360 1842 1406 1872 On
1420 1842 1501 1871 avait
1516 1837 1590 1869 bati.

119 1731 257 1773 Tempus
267 1734 468 1765 Praeteritum.
482 1695 510 1817 Ξ

532 1799 576 1830 rei
584 1799 728 1842 perfietoe

803 1901 887 1932 Abit.
905 1903 956 1933 He
972 1904 998 1933 is
1007 1905 1108 1943 going.
1131 1904 1164 1933 Il
1177 1902 1201 1933 ε’
1214 1913 1250 1933 en
1263 1913 1308 1933 va.

803 1945 924 1975 Coenat.
939 1947 990 1976 He
1003 1948 1032 1976 is
1047 1951 1081 1976 at
1095 1956 1216 1986 supper.
1238 1947 1273 1976 Il
1285 1951 1326 1975 est
1342 1943 1361 1974 ἆ
1372 1952 1487 1983 sonper.

804 1988 1002 2019 AEdificatur.
1023 1990 1055 2020 It
1069 1991 1096 2020 is
1111 1990 1263 2028 building-
1293 1989 1337 2019 On
1360 1986 1445 2017 bdtit.

767 1906 900 2156 {Amin
919 2033 970 2062 He
985 2033 1012 2062 is
1023 2042 1110 2071 gone.
1130 2033 1166 2062 Il
1177 2031 1200 2062 s'
1217 2042 1253 2062 en
1268 2037 1311 2062 est
1325 2030 1394 2061 αίΙέ.

501 1945 546 1976 rei
561 1945 754 1987 imperfectae.

139 2005 278 2048 Tempus
294 2010 443 2042 Praesens.
469 1970 497 2092 Ξ

500 2073 546 2105 rei
555 2075 711 2117 perjectoe.
802 2075 952 2105 Coenavit.
970 2076 1020 2105 He
1034 2077 1089 2105 lms
1109 2076 1232 2114 supped.
1261 2075 1295 2104 Il
1306 2085 1325 2104 α
1347 2072 1448 2113 soupe'.

801 2117 1007 2148 AEdificatum
1022 2123 1076 2148 est.
1108 2120 1139 2148 It
1154 2120 1181 2148 is
1195 2119 1280 2148 built.
1307 2118 1351 2148 On
1361 2128 1380 2147 a
1396 2115 1470 2147 lum.

801 2176 918 2207 Abibit.
937 2178 989 2208 He
1004 2179 1067 2208 will
1081 2178 1114 2208 be
1125 2178 1231 2217 going.
1255 2178 1290 2207 Il
1307 2173 1331 2207 ,ς’
1348 2187 1385 2206 en
1401 2178 1460 2206 ira.

803 2219 954 2252 Coenabit.
972 2222 1024 2251 He
1035 2222 1099 2251 will
1108 2222 1141 2251 be
1156 2226 1188 2250 αι
1200 2231 1320 2270 supper.
1334 2221 1368 2249 Il
1377 2230 1444 2249 sera
1463 2227 1608 2269 asouper.

806 2263 1033 2293 AEdificabitur.
1049 2265 1083 2294 It
1094 2265 1157 2294 will
1168 2265 1223 2294 be
1211 2274 1244 2294 m
1256 2264 1405 2301 buildzfflng
1425 2262 1470 2292 On
1479 2257 1589 2291 bdtira.

503 2219 549 2250 rei
563 2219 681 2261 imper
649 2219 755 2261 sectoe.

127 2280 266 2322 Tempus
281 2282 447 2314 Futurum·
471 2244 499 2366 Ξ
808 2306 943 2337 Abierit.
962 2308 1013 2337 He
1029 2308 1092 2337 wall
1106 2307 1139 2337 be
1152 2317 1237 2346 gone.
1261 2307 1295 2336 Il
1309 2305 1332 2336 s‘
1346 2316 1382 2335 en
1398 2315 1464 2335 sera
1479 2303 1548 2334 nlle'

501 2347 546 2378 rei
555 2349 712 2390 perfectoe.
774 2310 993 2430 {Coenaverit.
1007 2351 1058 2380 He
1072 2351 1135 2380 will
1144 2351 1218 2380 leave
1234 2350 1358 2388 supped.
1371 2349 1403 2378 Il
1417 2358 1495 2378 aura
1508 2345 1608 2386 soupe‘.

808 2392 1015 2423 AEdificatum
1027 2393 1093 2422 erit.
1110 2395 1141 2423 Ιι
1154 2394 1217 2423 wzll
1228 2393 1261 2422 be
1271 2393 1356 2422 built.
1379 2391 1423 2421 On
1434 2401 1514 2420 aura
1524 2388 1598 2420 tuiti.

159 2446 212 2477 Ex
228 2448 287 2478 hac
300 2453 480 2489 temporum
491 2451 713 2490 primariorum
729 2460 802 2481 vera
821 2457 853 2481 et
896 2451 1071 2482 ineruditos
1086 2462 1167 2490 saepe
1192 2451 1225 2480 in
1247 2448 1391 2480 fraudem
1410 2447 1561 2484 inductos,
1586 2453 1624 2478 ut

118 2491 295 2521 secundum
329 2502 436 2523 rerum
465 2499 611 2525 naturam
639 2494 849 2534 dispositione,
896 2494 946 2525 vel
973 2495 1128 2525 mendum
1151 2493 1285 2534 aliquod,
1317 2492 1365 2522 vel
1387 2493 1544 2531 enallagen
1568 2500 1623 2520 ne-

116 2534 284 2564 observare
299 2541 359 2566 est:
896 2537 961 2568 scio
979 2548 1085 2578 quam,
1110 2540 1194 2578 (quae
1223 2535 1468 2566 Grammaticam
1494 2543 1624 2564 omnem

163 2579 240 2607 lmo.
266 2577 430 2610 Vocabula
452 2579 560 2616 ista,‘
563 2581 774 2622 ‘aedfficatum
801 2585 852 2616 est,
897 2580 1023 2620 penitus
1053 2580 1185 2619 πει-εἰη)
1216 2578 1264 2609 vel
1285 2578 1499 2608 necessitatem
1523 2587 1623 2618 quan-

113 2621 258 2657 coenavit,
299 2622 385 2658 abiit,
414 2624 522 2662 periit,
554 2623 760 2662 ἀμφιβέβηκεν,
765 2623 784 2635 ”
823 2630 855 2653 et
898 2623 971 2654 dam
997 2623 1101 2659 metri,
1131 2624 1217 2663 (quae
1245 2620 1329 2660 apud
1354 2620 1514 2660 Principes
1544 2620 1622 2650 Po'e'-

112 2661 245 2698 similia,
274 2668 340 2693 tam
372 2666 516 2696 Praesens
553 2666 699 2696 exhibere
735 2673 853 2706 tempus
898 2672 944 2696 tas
958 2676 1155 2707 nequaquam
1171 2663 1351 2704 hujusmodi
1365 2665 1435 2705 est.)
1458 2664 1502 2694 ibi
1523 2662 1623 2702 suspi-

114 2704 165 2735 rei
189 2705 353 2747 perjectae;
391 2717 488 2747 quam
516 2708 578 2744 illa,
623 2714 641 2728 ‘⁶
668 2711 854 2758 aedficatur‚
899 2716 1051 2745 carentur,
1069 2708 1123 2738 ubi
1141 2709 1172 2738 T
1168 2719 1322 2748 emper-um
1336 2710 1415 2738 ratio
1435 2713 1518 2738 recte
1533 2713 1625 2754 atque

118 2752 139 2766 “
167 2755 276 2784 coenut,
307 2750 381 2786 abit,
410 2753 502 2790 perit,
529 2752 661 2791 ἀμφιβα’
662 2765 704 2787 νει,
755 2758 786 2782 et
817 2752 857 2782 si·
900 2753 995 2782 etiam
1024 2752 1141 2791 optime
1151 2751 1219 2791 jam
1248 2756 1412 2781 constaret.
1478 2747 1625 2788 Exempli

119 2789 217 2827 milia,
244 2793 388 2823 Praesens
409 2794 559 2824 exhibent
579 2801 696 2834 tempus
719 2795 766 2825 rei
788 2797 846 2825 im·
889 2805 995 2825 causa:
1022 2795 1063 2824 In
1085 2803 1136 2833 εο,
1156 2794 1241 2835 quod
1262 2800 1308 2826 est
1336 2793 1419 2834 apud
1452 2794 1622 2833 Virgilium,

114 2833 272 2874 perfectae.
327 2835 422 2872 Quod
448 2847 522 2867 cum
554 2837 717 2878 plerosque
731 2838 845 2868 Gram-
894 2837 1121 2868 AEn.1112>.

123 2876 314 2909 maticorum
330 2878 462 2921 filgen‘t5
486 2879 561 2913 hinc
575 2879 659 2912 viros
671 2881 767 2911 etiam
783 2891 862 2912 non

159 2934 901 2970 V01..1.B
