1820 3158
891 193 939 240 vi

169 326 311 375 tinam,
325 332 366 366 et
377 323 570 365 Aldinam
579 325 753 378 primam
769 323 930 364 deserit.
983 323 1110 364 Hanc
1122 332 1258 366 autem
1277 325 1421 380 repetit
1440 325 1566 366 modo
1581 332 1660 367 ter-

166 408 231 447 tia
259 405 413 447 Aldina
433 421 500 446 αη.
529 410 647 446 1524.
678 414 724 446 ut
751 420 773 445 e
802 405 997 445 varietate
1026 404 1209 446 lectionis
1240 405 1403 446 cuilibet
1432 406 1659 461 apparebit.

171 487 280 530 Nam
299 501 503 542 perpauca
526 486 591 527 illa
608 486 710 535 loca,
730 485 798 526 ubi
821 486 941 525 tertia
953 484 1153 534 dissentit,
1180 495 1250 526 aut
1263 487 1362 526 vitio
1379 486 1658 543 typographo-

168 584 257 611 rum
276 569 533 617 dissentiunt,
551 576 621 608 aut
634 583 657 607 a
669 575 899 608 correctore
914 575 1072 607 mutata
1086 576 1181 608 sunt
1193 582 1270 622 pro
1290 568 1471 609 arbitrio.
1513 569 1658 624 Itaque

166 650 236 705 qui
257 651 409 691 Aldina
429 648 615 703 exempla
636 656 792 697 amant,
812 647 965 688 debent
984 655 1200 702 utramque
1219 648 1457 699 editionem,
1483 650 1660 703 primam

168 741 208 773 et
229 731 465 782 secundam,
486 731 549 772 vel
569 732 746 781 tertiam,
770 730 840 772 sed
860 731 970 771 illam
990 739 1126 772 tamen
1148 731 1299 785 potiuS,
1333 746 1517 786 quaerere
1545 736 1659 787 (nam

167 813 287 854 tertia
301 813 488 854 *vitiosior
508 813 584 865 est)
604 821 650 853 ut
669 827 763 853 vere
783 812 954 853 diversa.
1015 811 1079 852 Ea
1113 820 1249 853 autem
1283 821 1397 853 tanta
1429 814 1601 854 mutatio
1636 829 1661 855 a

161 908 260 949 quo,
282 901 322 933 et
341 892 452 934 unde
471 893 640 934 inducta
658 894 723 942 sit,
745 907 832 933 non
851 892 944 933 licet
963 891 1110 933 dicere.
1172 892 1282 933 Nam
1302 892 1488 947 praefatio
1501 893 1658 935 nullum

161 974 361 1015 indicium
381 973 520 1024 habet,
542 988 617 1014 nec
638 982 697 1014 est
717 973 795 1014 alia
814 974 857 1013 in
878 972 1071 1022 secunda,
1094 987 1218 1027 quam
1243 988 1335 1029 quae
1372 974 1518 1028 primae
1539 973 1658 1014 editi·

165 1055 239 1096 oni
267 1054 320 1095 ab
339 1054 429 1109 ipso
460 1053 564 1094 Aldo
584 1054 806 1108 praeposita
835 1061 910 1103 est,
933 1053 1111 1108 quitum
1134 1053 1222 1108 jam
1243 1068 1266 1094 e
1295 1054 1378 1094 vita
1406 1053 1659 1102 discesserat,

165 1151 261 1178 cum
281 1134 459 1176 secunda
479 1134 710 1175 curabatur.
773 1133 950 1188 Propius
970 1141 1109 1174 tamen
1139 1134 1193 1174 ad
1213 1133 1339 1175 fidem
1359 1134 1460 1175 mihi
1480 1135 1657 1183 videtur,

164 1223 296 1257 totam
315 1214 424 1255 illam
444 1215 715 1255 mutationem
734 1229 820 1255 esse
839 1214 892 1255 ab
912 1214 1081 1271 ingenio
1096 1214 1196 1269 ejus,
1219 1215 1285 1256 cui
1304 1223 1398 1270 post
1418 1215 1517 1256 Aldz·
1550 1229 1660 1256 mor-

166 1306 251 1338 tem
271 1311 369 1337 cura
389 1296 579 1337 editionis
599 1295 651 1336 ab
671 1295 848 1336 Asulano
864 1295 1021 1336 credita
1036 1303 1134 1336 erat.
1177 1295 1324 1350 Neque
1339 1296 1449 1336 enim
1463 1296 1659 1338 taciturus

166 1378 286 1420 fuisse
301 1377 461 1419 videtur
478 1377 693 1427 Aszdanus,
709 1377 741 1417 si
753 1376 806 1418 ad
821 1374 949 1417 novos
971 1376 1147 1417 Codices
1167 1390 1215 1416 ea
1235 1375 1360 1417 editio
1381 1377 1576 1433 castigata
1588 1384 1659 1418 aut

166 1468 351 1502 correcta
367 1458 519 1500 fuisset.
578 1460 772 1500 Erasmus
792 1459 835 1499 in
856 1458 1027 1514 epistola
1045 1458 1098 1500 ad
1120 1458 1366 1500 Goelenium
1395 1473 1435 1514 p.
1459 1458 1541 1499 ΙΙΙ.
1563 1474 1662 1514 que-

166 1542 272 1583 ritur
292 1541 344 1582 de
363 1541 470 1582 mala
489 1540 700 1581 sedulitate
727 1540 802 1580 viri
822 1539 933 1581 docti
954 1540 1082 1580 Mich.
1115 1539 1271 1589 Bentiz',
1302 1539 1369 1580 cui
1397 1553 1494 1580 cura
1523 1553 1664 1580 emen-

166 1621 317 1663 dandae
337 1636 455 1663 novae
477 1621 737 1679 Adagiorum
758 1620 948 1662 editionis
978 1620 1194 1661 commissa
1222 1618 1365 1660 fuerat.
1426 1619 1499 1660 Ait
1533 1620 1659 1668 enim,

164 1702 216 1743 ab
236 1718 285 1744 eo
305 1703 393 1744 loca
413 1702 587 1743 Homeri
605 1710 646 1743 et
669 1703 867 1743 Ciceronis
888 1701 932 1741 in
951 1700 1019 1741 illo
1040 1715 1164 1756 opere
1184 1707 1341 1740 mutata
1371 1714 1470 1749 esse,
1503 1699 1555 1740 ad
1585 1714 1658 1740 ex-

163 1783 298 1838 empla
318 1783 488 1832 Aldina,
510 1798 603 1838 quae
624 1783 705 1823 sint
724 1782 992 1823 vitiosissima.
1053 1781 1122 1823 De
1142 1796 1223 1837 qua
1242 1780 1421 1822 editione
1433 1780 1587 1821 Aldina
1599 1781 1657 1822 ita

161 1864 371 1919 judicarit,
393 1878 480 1905 non
499 1863 662 1905 difficile
681 1871 741 1904 est
762 1863 962 1913 divinare,
986 1863 1019 1904 si
1034 1870 1267 1917 temporum
1284 1863 1460 1903 rationes
1475 1875 1658 1917 sequare.

169 1945 341 2001 Scripsit
361 1945 469 1986 enim
491 1945 568 1986 ista
586 1946 778 1986 Erasmus
797 1952 890 1999 post
907 1944 1077 1985 alteram
1093 1943 1297 1985 Aldinam.
1360 1942 1441 1983 Sed
1454 1941 1586 1982 habeo
1598 1949 1659 1982 ta-

168 2041 266 2068 men
282 2027 424 2082 etipse
445 2026 680 2081 exemplum
700 2027 846 2081 primae
867 2025 1071 2075 editionis,
1094 2024 1204 2080 quod
1225 2023 1301 2065 fuit
1315 2024 1479 2064 Erasmi
1494 2038 1516 2064 e
1531 2022 1661 2063 dona-

169 2107 282 2148 tione
300 2108 490 2160 Philippi
509 2107 798 2157 Melanthonis,
821 2107 892 2163 qui
911 2121 1007 2148 eum
1027 2106 1176 2148 librum
1196 2105 1298 2146 belle
1317 2104 1532 2161 religatum
1552 2103 1661 2145 misit

169 2189 354 2238 Erasmo,
375 2188 438 2229 his
458 2188 662 2243 inscriptis
682 2188 900 2229 versiculis:

277 2316 375 2359 Τῆνὸε
392 2316 475 2355 δόσιν
495 2319 627 2363 ἀγαθήν
647 2333 680 2354 τε
699 2317 796 2363 φίλην
817 2315 849 2354 τ’
864 2315 931 2366 ἐ’χε,
953 2314 1273 2367 φίλτατ”Ἐςοισ-με,

383 2395 495 2436 Ποία-ης
515 2398 568 2436 τῆς
583 2398 694 2446 aigei-Hs
713 2397 773 2432 καὶ
793 2394 910 2441 σοφίας
925 2392 1071 2445 varient.

225 2512 296 2556 De
315 2513 422 2554 vitiis
442 2514 748 2571 typographicis
767 2514 951 2555 locutum
971 2514 1196 2562 Ermmum,
1218 2516 1333 2565 patet
1352 2524 1375 2550 e
1395 2509 1576 2565 subjecto
1590 2524 1661 2551 ex-

168 2594 317 2649 emplo.
378 2593 488 2635 Nam
508 2596 558 2645 02¹4»
578 2609 738 2650 semper
756 2594 910 2645 fecisse,
934 2594 1005 2644 ait,
1028 2608 1080 2634 ex
1101 2592 1165 2642 οἴῳ,
1187 2593 1262 2633 soli
1268 2615 1282 2638 ;
1306 2590 1434 2647 qualis
1446 2590 1661 2645 perturba-

169 2677 229 2717 tio
256 2675 473 2730 spirituum
493 2675 682 2731 frequens
702 2685 762 2718 est
782 2677 825 2717 in
847 2676 1009 2717 Aldim's
1030 2674 1235 2723 omnibus,
1267 2673 1338 2714 sed
1359 2672 1481 2714 etiam
1501 2673 1544 2712 in
1566 2671 1661 2712 Flo-

168 2757 344 2799 rentina.
406 2758 477 2798 An
497 2758 619 2798 etiam
643 2759 835 2800 lectiones
855 2758 1032 2799 diversas
1053 2756 1104 2797 ab
1136 2757 1373 2796 Florentina
1403 2752 1660 2802 intellexerit,

167 2853 268 2894 quas
288 2837 392 2880 male
411 2846 587 2881 mutatas
608 2840 650 2880 in
672 2841 834 2882 Aldinis
853 2837 1145 2895 posterioribus
1176 2837 1350 2892 putavit,
1371 2843 1442 2878 aut
1472 2850 1498 2876 a
1528 2835 1662 2875 Lova-
