1820 3158
148 175 183 222 4
733 170 1051 222 ὈΜΗΡΟΥ

243 348 246 351 «
301 318 498 379 Πολλὰς
526 317 561 369 δ’
591 317 785 386 ἰφθίμες
814 318 1046 388 ψυχοὶςά

1038 316 1112 370 ’Ϊὸι
1130 318 1362 407 πξοὶὰψεν

263 392 483 463 Ηοωων,
511 415 649 449 αυτες
678 391 714 442 δ’
742 392 902 463 {migma
922 394 1057 462 τεῦχε
1086 392 1298 459 κύνεσσιν,

228 468 264 518 5
305 466 509 516 Οἷωνοῖσί
533 487 578 516 τε
606 470 736 516 πᾶσι·
767 463 901 532 (Atos
930 465 965 519 δ’
995 467 1210 518 ἐτελείετο
1235 469 1405 541 βελῆ·)

300 539 437 599 ’ἑΕξ
465 538 514 597 δὴ
542 538 602 589 τοὶ
629 560 781 608 πξωτα
809 538 1081 597 dioto-‘thav’
1069 540 1264 611 εξῖσαντε

298 612 531 683 Ἀτρείδης
553 634 618 676 τε,
644 609 761 673 dm}
789 611 962 683 ἀνόξῶν,
986 636 1066 663 και
1095 613 1180 672 δῖος
1205 615 1483 685 Ἀχιλλεύς.

304 758 488 799 Multasque
504 758 600 789 fortes
614 758 736 790 animas
748 769 824 796 orco
839 765 1026 800 praemature
1040 761 1128 791 misit

304 813 460 848 Heroum,
476 812 621 854 ipsosque
637 813 776 852 praedam
791 814 1029 854 discerpendam
1047 815 1120 844 fecit
1136 815 1274 850 canibus,

259 869 279 898 5
303 867 504 907 Alitibusque
517 867 676 898 omnibus:
700 868 723 899 J
725 868 790 898 ovis
804 875 911 899 autem
927 868 1142 908 perficiebatur
1157 869 1322 901 consilium
1337 882 1342 899 ;

304 921 356 951 Ex
371 931 433 962 quo
448 921 556 962 utique
571 922 712 961 primum
729 922 881 962 disjuncti
895 928 970 953 sunt
985 922 1144 963 litigantes

305 975 501 1019 Affidesque,
517 986 572 1008 rex
588 976 737 1014 virorum,
753 983 785 1007 et
800 976 914 1008 nobilis
926 976 1074 1008 Achilles.

538 1081 568 1108 6.
593 1078 752 1120 raa-giem]
769 1079 842 1109 MS.
857 1078 942 1132 Lips.
958 1089 977 1109 a
991 1088 1075 1110 man.
1092 1088 1150 1109 sec.
1166 1079 1207 1109 A.
1225 1082 1253 1109 1.

153 1197 212 1220 ma,
229 1195 298 1226 quae
319 1195 378 1215 vox
404 1187 494 1217 scribi
510 1185 600 1216 solita
625 1191 672 1217 est
698 1186 880 1221 Πηληϊάδεω
927 1187 1009 1223 Quae
1034 1187 1141 1218 omnia
1166 1187 1329 1227 emphasin
1357 1187 1440 1218 vocis
1460 1187 1545 1219 illius
1576 1187 1659 1231 [τρι-

153 1238 226 1259 eam
239 1231 404 1260 enunciari
419 1228 534 1258 scilicet
550 1228 723 1263 Πηληϊάδω.

928 1230 1032 1268 ἰἀψεν,
1056 1237 1241 1269 praemature
1277 1230 1374 1272 misit]
1410 1230 1517 1262 minus
1546 1232 1656 1273 attige-

198 1272 273 1301 Ver.
296 1275 326 1301 2.
354 1271 538 1313 Ουλομένην,]
569 1273 707 1303 Exhibet
742 1271 886 1303 Hei-'dem
929 1279 1012 1303 runt.
1041 1275 1142 1304 Clark.
1179 1273 1239 1303 Sed
1254 1273 1300 1302 1111
1315 1273 1410 1303 talem
1433 1274 1596 1313 emphasin
1622 1275 1655 1304 in

155 1324 249 1345 suum
262 1313 369 1349 Poeta⁷
384 1323 448 1344 non
461 1314 562 1355 qualis
576 1325 642 1346 esse
656 1315 804 1351 debuerit,
829 1315 882 1346 sed
927 1316 957 1345 h.
973 1326 1001 1345 v.
1025 1325 1090 1345 non
1109 1315 1256 1346 videntur
1276 1316 1446 1356 agnovisse.
1491 1316 1530 1347 Il.
1547 1317 1575 1347 ε’.
1589 1317 1660 1357 qui

156 1356 284 1398 qualem
297 1357 382 1387 fama
397 1357 572 1396 accepisset.

195 1419 233 1446 Οὐ
244 1420 296 1455 yo'eg
309 1430 332 1446 τι
344 1419 502 1454 γλυκύθυμος
515 1420 575 1456 ἀνὴρ
590 1418 628 1451 ῗῖν,
644 1420 698 1446 οὐδ’
712 1419 869 1455 ἀγωνίφςων,

191 1458 286 1484 Ἀλλὰ,
295 1458 364 1491 μαλ’
383 1457 531 1492 ἐμμεμαώς.
562 1493 566 1497 Δ
649 1460 693 1485 Υ’.
707 1466 767 1485 ver.
780 1457 848 1488 467·

159 1511 238 1542 Erat
252 1512 403 1542 nimirum
419 1514 561 1549 Achilles,

194 1570 320 1601 Impiger,
331 1571 482 1600 iracundus,
492 1571 671 1601 inexorabilis,
681 1578 756 1602 acer;

191 1609 259 1635 Jura
269 1614 349 1641 negat
359 1611 407 1636 sibi
418 1614 490 1641 nata,
501 1611 568 1636 nihil
579 1619 633 1636 non
644 1614 750 1643 arrogat
760 1612 849 1636 armis.

161 1659 208 1690 Ut
223 1659 314 1699 plane
328 1660 426 1699 inepti
442 1661 512 1696 sint,
528 1661 582 1702 qui
600 1663 734 1692 Homero
757 1661 789 1691 id
811 1660 890 1690 vitio

159 1708 291 1738 vertant,
316 1703 400 1743 quod
430 1705 580 1735 Achillem
603 1714 668 1734 non
684 1704 808 1734 finxerit
829 1704 890 1732 vir-

159 1745 280 1776 tutibus
303 1752 489 1777 exornatum
514 1747 669 1783 omnibus,
687 1747 771 1778 vitiis
785 1746 887 1776 omni·

160 1788 221 1818 bus
235 1788 422 1819 immunem.

201 1832 284 1861 Ibid.
293 1849 336 1855 —
344 1834 422 1874 pavpi’
430 1834 564 1873 Ἀχαιοῖς
575 1834 663 1872 ἄλγε’
675 1833 788 1874 ἔθηκε]
801 1832 886 1862 Nam

162 1878 244 1909 ante,
261 1884 357 1914 quam
371 1876 543 1905 secessisset
558 1876 707 1906 Achilles.

203 1934 327 1962 odbz'wn
341 1938 424 1970 Τρῶες
439 1936 489 1972 ‘agei
503 1937 602 1963 πυλάων
614 1937 777 1972 Δαξδαηάων

203 1974 351 2009 Οἴχνεσκον·
364 1975 440 2001 κείνου
453 1977 503 2011 ‘yiaeg
517 1975 635 2002 ἐδείδισαν
647 1976 745 2012 ὀβςιμον
759 1976 843 2009 ἔγχος.

637 2013 680 2043 Ε’.
704 2022 765 2044 vcr.
781 2016 853 2044 789.

168 2072 270 2104 Clark.
287 2071 367 2102 Edd.
384 2077 455 2108 vett.
470 2073 582 2106 ἔθηκεν.
627 2073 732 2103 Recte.
746 2073 786 2103 In
808 2072 898 2102 litera

170 2128 182 2145 ν
197 2114 247 2144 vei
261 2113 403 2144 addenda
416 2115 464 2145 vel
475 2115 629 2146 demenda
639 2126 751 2155 parum
766 2115 899 2155 diligens

169 2156 315 2187 Clarkius
338 2157 410 2195 fuit,
432 2164 463 2188 et
485 2164 637 2194 constans,
655 2169 719 2189 non
738 2158 810 2188 satis
825 2168 899 2188 con-

169 2199 260 2230 sultis
274 2199 368 2230 libris.
406 2201 445 2230 In
462 2201 533 2231 MS.
549 2207 580 2232 et
594 2201 662 2232 edd.
678 2208 749 2232 vett.
761 2200 898 2232 meliori-

169 2243 239 2278 bus,
266 2248 302 2272 ut
327 2242 410 2273 Flor.
436 2249 468 2273 et
484 2244 558 2274 Ald.
583 2255 628 2283 pr.
652 2244 686 2274 in
710 2245 772 2275 fine
793 2254 900 2274 versus

168 2284 234 2314 sere
249 2284 386 2315 additur.
419 2285 452 2315 in
466 2286 570 2316 medio
595 2297 696 2324 versu,
712 2288 766 2318 ubi
781 2286 897 2326 syllaba

168 2327 282 2357 ultima
297 2334 343 2358 est
357 2327 390 2357 in
406 2338 522 2358 caesura
525 2329 718 2370 ‚plerumque
734 2330 896 2360 omittitur.

172 2368 278 2409 Igitur
300 2376 462 2401 accuratus
477 2371 577 2402 editor
591 2374 671 2402 hanc
685 2373 788 2413 legem
804 2373 896 2404 debe-

168 2412 222 2441 bat
236 2414 322 2452 sequi
335 2419 519 2445 constanter.
564 2415 638 2445 Hoc
649 2416 767 2447 semel
760 2427 792 2446 m
808 2417 893 2456 prin-

167 2453 251 2493 cipio
266 2456 424 2486 monuisse
438 2457 511 2488 satis
532 2458 597 2488 erit.
641 2460 723 2489 Em.

212 2496 288 2526 Ver.
306 2501 335 2527 5.
353 2501 479 2534 Πολλας
494 2520 534 2528 -
545 2499 607 2531 α’ὶδι
618 2502 784 2544 προιαψεν]
796 2504 895 2536 Euri-

168 2540 254 2578 pides
284 2539 370 2576 dixit,

210 2602 309 2634 ’Ψυχὰς
330 2600 354 2628 δε
367 2603 464 2632 πολλὰς
479 2605 603 2638 κᾴγαθόις
616 2606 760 2636 ἀπώλεο-αις·

167 2654 316 2684 Androm.
332 2665 392 2685 ver.
414 2660 486 2687 681.
528 2661 691 2699 Virgilius,-

203 2722 234 2730 -
244 2711 379 2736 demiserit
390 2713 474 2738 Orco:
679 2718 740 2744 AEn.
752 2719 801 2743 lx.
811 2719 869 2746 527.

205 2762 237 2769 -
246 2757 376 2779 Juvenum
388 2755 425 2776 tot
438 2755 537 2779 miserit
549 2756 631 2782 Orco:
738 2759 800 2783 ibid.
809 2759 868 2786 785.

203 2801 235 2809 -
247 2789 332 2816 multa
343 2792 430 2817 virum
441 2793 557 2820 demittit
567 2803 675 2828 corpora
686 2797 774 2822 morti.

693 2836 752 2861 AEn.
764 2836 797 2862 X.
808 2837 881 2897 665?-4

932 1357 1004 1388 dem
1021 1368 1082 1388 ver.
1101 1362 1170 1390 190.
1187 1359 1358 1401 προῆγε-ειν
1371 1358 1492 1389 clarum
1507 1365 1561 1394 est,
1580 1359 1662 1390 nihil

933 1400 1021 1431 aliud
1045 1411 1118 1435 esse,
1140 1411 1235 1441 quam
1252 1402 1375 1432 ἰάπτων.
1421 1402 1661 1441 Praepositiones

933 1443 967 1473 in
997 1453 1124 1482 compos
1128 1443 1177 1473 itis
1200 1444 1295 1473 nimis
1309 1454 1423 1483 pronos
1438 1443 1559 1475 faciunt.
1579 1445 1662 1475 viros

922 1486 1041 1522 ,doctos
1060 1486 1100 1516 ad
1116 1487 1291 1525 emphases
1295 1486 1465 1527 fingendas.
1512 1488 1564 1518 Sic
1578 1488 1663 1518 infra

935 1528 1009 1560 526.
1036 1529 1111 1570 προΐε
1113 1544 1121 1559 ι
1152 1539 1215 1559 non
1242 1531 1323 1560 bene
1339 1511 1479 1560 evertunt
1501 1533 1659 1569 praemisit,

933 1571 1019 1612 quod
1045 1578 1090 1602 est
1114 1572 1295 1611 simpliciter
1321 1575 1414 1607 misit,
1445 1572 1495 1603 vel
1533 1575 1661 1604 demiszt.

934 1614 996 1645 vid.
1014 1614 1051 1645 Il.
1068 1615 1107 1654 γ’.
1128 1618 1195 1645 118.
1211 1614 1242 1645 δ’.
1257 1618 1330 1646 598.
1376 1616 1454 1646 Ενη.

976 1657 1051 1687 Ver.
1067 1661 1095 1687 4.
1111 1657 1233 1699 Αὐτοὺς]
1262 1659 1393 1697 Corpora
1422 1660 1565 1697 ipsorum.

934 1702 1088 1731 Palinuri
1105 1700 1226 1730 Umbra
1240 1700 1325 1739 apud
1358 1702 1540 1740 Virgilium,-

967 1757 1047 1782 Nunc
1066 1758 1122 1782 ME
1140 1758 1236 1783 fluctus
1253 1758 1341 1788 habet,
1359 1748 1518 1790 versantque
1537 1760 1565 1783 in
1576 1759 1666 1785 littore

995 1798 1079 1822 venti.
1409 1797 1600 1823 AE1·.·VI.362.

980 1857 1064 1887 Ibid.
1087 1856 1110 1886 o’
1127 1855 1244 1909 ἓλωςιοι]
1260 1855 1327 1885 Alii
1342 1855 1488 1891 scribunt,
1505 1855 1535 1889 δ’
1551 1856 1663 1899 ἕλωρα.

938 1898 1015 1935 Alii,
1036 1898 1058 1930 δ’
1076 1900 1131 1929 ἒλ)
1123 1913 1209 1941 asem.
1256 1898 1316 1929 Sed
1331 1898 1460 1937 perinde
1482 1905 1535 1930 est.
1580 1900 1665 1930 Nam

937 1941 972 1971 in
993 1942 1175 1982 hujusmodi
1202 1941 1425 1971 vocabulorum
1451 1941 1574 1981 syllabis
1602 1953 1662 1973 non

939 1987 1049 2015 πιεάίιε
1064 1985 1153 2017 facile
1168 1983 1234 2014 fieri
1251 1984 1353 2022 potuit
1372 1984 1473 2025 (quod
1488 1991 1519 2014 et
1538 1984 1571 2014 in
1595 1994 1664 2014 om-

939 2027 1032 2057 nibus
1043 2027 1162 2067 linguis
1171 2026 1330 2059 interdum
1341 2037 1400 2057 usu
1411 2026 1521 2067 venit.)
1534 2034 1570 2057 ut
1579 2027 1664 2067 quod

940 2070 1089 2110 scriptum
1107 2070 1202 2100 fuerit
1215 2069 1328 2112 ἑλώρια,
1344 2069 1439 2110 vulgo
1464 2075 1570 2100 tamen
1593 2080 1664 2109 pro-

941 2113 1144 2143 nunciaretur
1167 2112 1299 2154 ἑλλώρια.
1353 2112 1436 2143 Vide
1459 2112 1499 2143 ad
1525 2122 1585 2151 ver.
1611 2116 1664 2144 51.

946 2157 1048 2186 Clark.
1072 2156 1171 2186 Bene:
1200 2166 1325 2195 corpora
1341 2157 1483 2195 ipsorum,
1509 2154 1553 2185 ut⁸
1569 2155 1665 2186 inter-

943 2204 1081 2238 pretatur
1106 2198 1289 2228 Scholiastes
1314 2198 1426 2228 minor.
1468 2199 1567 2239 Auia-135,
1591 2208 1665 2229 cum

943 2241 1112 2280 opponitur
1127 2243 1228 2283 ψυχῇ,
1245 2246 1291 2271 est
1306 2251 1425 2280 corpus
1449 2250 1523 2272 cum
1539 2240 1665 2282 σῷματι,

943 2289 990 2314 est
1003 2284 1138 2314 animus.
1186 2284 1387 2324 Omninoque
1403 2283 1448 2313 vis
1472 2283 1667 2322 pronominis

941 2327 1036 2366 hujus
1066 2325 1270 2366 dijudicanda
1292 2332 1338 2357 est
1367 2336 1404 2355 ex
1430 2326 1570 2365 opposito
1595 2336 1664 2357 suo.

941 2369 1003 2408 Ap.
1022 2369 1113 2399 Arat.
1128 2372 1203 2400 670.
1220 2369 1273 2399 ubi
1295 2369 1371 2402 αὐτη
1387 2368 1555 2408 opponitur
1570 2381 1665 2411 ηυμ-

942 2426 979 2447 νη,
1004 2411 1160 2452 significat
1183 2423 1289 2442 navem
1309 2417 1411 2442 totam.
1458 2410 1560 2441 Unde
1573 2417 1666 2450 patet,

938 2454 1054 2485 frustra
1081 2453 1286 2493 Apollonium
1314 2452 1476 2484 Rhodium
1499 2464 1555 2493 pro
1577 2455 1668 2488 αὐτὸς

940 2497 1050 2537 reponi
1063 2497 1196 2527 voluisse
1211 2497 1343 2537 κεφαλὰς
1359 2506 1397 2526 ex
1414 2495 1483 2526 ΙΙ.’
1467 2511 1475 2527 ι
1485 2519 1492 2526 .
1518 2500 1588 2528 544.
1615 2502 1670 2527 aut

942 2540 981 2570 λ’.
996 2543 1048 2571 55.
1063 2539 1102 2570 de
1115 2549 1178 2580 quo
1193 2539 1253 2570 vid.
1272 2538 1346 2570 obs.
1360 2538 1451 2569 Misc.
1469 2538 1531 2578 Lp
1533 2542 1628 2570 .107.
1643 2549 1667 2569 s.

942 2582 997 2613 ubi
1011 2588 1043 2613 et
1057 2582 1154 2613 altera
1167 2581 1316 2613 correctio
1339 2581 1492 2612 Zenodoti
1515 2580 1667 2612 refellitur

945 2635 1008 2655 v.er
1026 2628 1057 2656 5.
1075 2635 1130 2664 pro
1143 2626 1216 2655 πᾶσι
1222 2624 1411 2678 reponentis
1424 2623 1523 2656 δαῖτα.

986 2669 1068 2699 Ibld.
1084 2667 1215 2703 κύνεσσιν,
1222 2666 1357 2698 Οἰωνοῖσί
1371 2680 1403 2698 τε
1419 2666 1518 2709 wint]

1611 1658 1662 1689 Sic

1159 2733 1269 2758 canibus
1277 2733 1339 2758 data
1348 2733 1436 2764 praeda
1445 2732 1560 2762 Latinis,

976 2772 1144 2803 Antibusque
1151 2773 1228 2802 jaces.
1385 2772 1445 2797 AEn.
1458 2772 1506 2797 lx.
1521 2772 1579 2797 485.

984 2829 1056 2863 Ver.
1080 2833 1109 2863 5.
1131 2831 1259 2864 Οἰωνοῖσῖ
1280 2845 1310 2865 τε
1337 2831 1435 2873 πᾶα]
1456 2832 1491 2863 ¹0
1516 2828 1672 2865 Ζηνόδοτος,
