1783 3158
545 172 851 224 ἸΛΙΑΔΟΣ
892 170 960 219 B‘.

1511 172 1614 223 135

259 320 422 372 Φοῖτων
448 317 562 370 ἔνθα.
587 319 666 368 καὶ
706 315 820 367 ’ἔνθα
846 316 973 367 κατὰ
1012 314 1213 386 στξοιτόν,
1242 316 1326 367 οὐδ’
1357 317 1596 387 ἐμάχοντο.

114 395 220 448 ’780

333 393 406 444 Οἵ
427 393 464 444 δ’
495 390 562 464 o’e'g’
595 391 714 456 ἴσαν,
740 390 841 442 ὡσεί
865 413 910 441 τε
939 389 1042 461 mugi
1070 387 1198 458 χθὼν
1225 394 1357 441 πᾶσα
1385 390 1564 460 νέμοιτο·

257 471 296 518 Γ
298 473 383 517 αἶα
410 467 450 518 δ’
481 466 824 535 ὑπεστονόιχιζε,
854 466 944 516 Διῒ
966 462 1018 522 ὂς
1046 463 1359 536 ‘regn-megenum

255 540 481 610 Χωομὲνῳ,
510 540 580 592 ὅτε
609 542 643 591 τ’
674 541 797 609 ἀμφὶ
829 537 1012 604 Τυφωέϊ
1035 543 1173 603 γαῖαν
1201 540 1376 610 ἱμάσσῃ

257 617 333 665 Εἶν
357 616 582 686 Ἀξῖμοις,
608 613 703 666 ‹S'Srr
716 614 829 679 φασὶ
857 612 1060 678 Τυφωέος
1099 611 1288 681 ἐ’μμεναι
1317 613 1454 671 εὐνάς·

248 686 349 747 “Ως
372 688 466 761 οἵξα
493 692 569 740 τῶν
597 687 678 740 ὑπὸ
703 688 835 739 ποσσὶ
862 686 994 755 μέγα
1015 686 1308 756 στοναχίζετο
1335 693 1457 752 γαῖα

107 762 215 815 785
251 762 539 834 Ἐξχομὲνων·
568 764 712 832 μάλα
743 762 780 812 δ’
811 759 908 811 οἶκοι
939 758 1187 831 διέπρησσον
1213 760 1389 813 πεδίοιο.

329 838 494 909 Τξωσὶν
523 836 556 888 δ’
587 835 797 902 οἴγγελος
826 833 947 893 ἦλθε
973 835 1207 904 ποδήνεμος
1236 833 1351 886 ὧκὲοι
1365 833 1491 907 Ἶξις,

255 912 364 982 Πάξ
393 910 504 969 Διὸς
533 910 793 981 Αἱγιόχοιο,
822 908 896 961 σὺν
924 909 1129 981 ἀγγελίῃ
1157 912 1383 982 ἀλεγεινῇ.

259 984 327 1036 Οἳ
352 985 390 1037 δ’
421 986 595 1057 ἀ-γοξάς
623 985 832 1057 ἀγόρευον
859 984 927 1035 ἐπὶ
967 984 1196 1055 Πξιάμοιο
1223 983 1386 1057 θύρῃσι

257 1061 431 1118 Πάντες
454 1059 707 1132 ὁμηγεξὲες,
732 1058 836 1128 ἦμεν
862 1057 956 1116 νέοι,
985 1057 1057 1116 ᾖδε
1081 1057 1290 1130 γέξοντες·

263 1204 469 1246 vagabantur
484 1207 548 1237 huc
563 1213 594 1237 et
608 1206 684 1236 illuc
698 1216 754 1246 per
769 1211 876 1241 castra,
893 1215 995 1246 neque
1009 1205 1201 1246 pugnabant.

177 1261 239 1290 780

304 1260 352 1290 Hi
367 1271 440 1291 vero
454 1261 552 1297 ibant,
567 1261 661 1291 veluti
678 1261 705 1290 si
720 1260 789 1300 igni
805 1266 886 1290 terra
901 1265 964 1289 tota
979 1258 1207 1298 depasceretur:

260 1314 358 1344 Terra
372 1321 478 1344 autem
494 1316 604 1344 subtus
618 1314 815 1355 gemiscebat,
831 1314 911 1345 Jove
927 1313 1018 1343 sicuti
1033 1313 1394 1355 fulminibus-gaudente

260 1369 355 1405 Irato‚
373 1369 499 1409 quando
514 1369 595 1399 circa
611 1369 764 1409 Typho'ela
780 1375 896 1398 terram
911 1368 1052 1398 verberat

260 1423 303 1453 In
320 1423 447 1459 Arimis,
464 1423 517 1453 ubi
533 1423 643 1453 dicunt
657 1422 799 1463 Typho'ei
815 1432 880 1452 esse
895 1421 1026 1452 cubilia:

262 1478 312 1508 Sic
326 1479 433 1518 utique
449 1479 562 1508 horum
580 1479 637 1508 sub
651 1477 784 1517 pedibus
797 1477 936 1508 multum
951 1476 1140 1517 gemiscebat
1155 1483 1237 1507 terra

177 1534 239 1564 785
263 1533 497 1564 Gradientium:
525 1533 614 1563 valde
629 1543 700 1563 vero
715 1532 860 1563 velociter
875 1531 1103 1571 pertransibant
1118 1542 1275 1572 campum.

301 1587 447 1628 Trojanis
461 1593 566 1618 autem
583 1587 699 1617 nuncia
713 1587 800 1618 venit
815 1586 1213 1627 pedibus-ventos-aequans
1229 1586 1319 1617 velox
1336 1586 1404 1623 Iris,

262 1641 292 1671 A
309 1641 388 1672 Jove
406 1642 570 1682 AEgiocho,
587 1651 661 1671 cum
676 1642 796 1671 nuncio
810 1641 899 1671 tristi.

262 1694 316 1725 Illi
331 1705 404 1726 vero
420 1696 584 1726 conciones
599 1697 755 1726 habebant
769 1696 802 1726 in
818 1695 941 1726 Priami
955 1694 1118 1725 vestibulis

264 1748 386 1779 Omnes
400 1749 495 1779 simul
510 1751 701 1790 congregati,
718 1756 784 1781 tam
795 1750 937 1791 juvenes
954 1760 1049 1791 quam
1066 1759 1168 1780 senes:

383 1843 445 1872 775
462 1840 575 1882 aragona]
601 1840 646 1871 Fl.
666 1841 739 1872 Ald.
753 1842 784 1873 J.
802 1842 841 1873 R.

110 1955 176 1992 dor,
224 1956 422 1997 militumque
473 1957 688 1998 ingruentium
732 1964 836 1994 terror,

111 1999 165 2034 vis,
195 2005 226 2029 et
249 2000 403 2039 rapiditas,
429 2001 637 2040 pulcherrime
669 2003 709 2032 ob
732 2002 839 2033 oculos

111 2042 248 2081 ponitur.

154 2086 230 2115 Ver.
240 2089 297 2116 781
305 2086 550 2129 .ὖπεστονάχιζε,]
559 2089 609 2118 Al.
616 2089 841 2129 ὑπεστενάχιζε.

155 2128 229 2158 Ver.
258 2131 327 2158 783.
345 2131 392 2160 EI»
405 2131 536 2173 Ἀρίμοις,
553 2131 600 2162 ἴθι
623 2133 694 2172 φασὶ
716 2132 841 2172 Τυφωέος

115 2170 233 2210 ἔμμεναι
250 2171 351 2213 vinds]

277 2221 428 2252 durumque
439 2223 526 2247 cubile

141 2259 262 2284 Inarime
271 2260 346 2285 Jovis
355 2262 472 2292 imperiis
481 2264 593 2293 imposta
604 2262 730 2294 Typhoeo.

578 2303 639 2327 AEn.
655 2303 705 2331 IX.
721 2303 778 2330 716.

113 2339 198 2370 Mire
212 2342 301 2371 torsit
315 2342 365 2371 hic
380 2341 466 2373 locus
480 2342 562 2373 viros
576 2343 721 2374 eruditos.
758 2346 837 2375 Fuc-

109 2384 176 2414 vius
195 2386 344 2416 Ursinus:
364 2391 382 2404 “
398 2386 464 2416 Cur
475 2386 614 2427 (inquit)
627 2387 790 2427 Virgilius,
806 2394 838 2418 et

112 2430 132 2444 “
144 2435 217 2456 eum
233 2427 339 2463 secuti,
358 2428 499 2465 Ovidius,
516 2430 673 2465 Lucanus,
689 2430 837 2461 Valerius

112 2472 131 2486 “
145 2468 284 2506 Flaccus,
302 2471 426 2507 Statius,
452 2472 555 2508 Silius,
581 2473 783 2510 Claudianus,
807 2481 840 2506 et

112 2515 132 2530 “
146 2511 276 2550 Plinius,
300 2513 340 2544 de
355 2515 391 2545 εἰν
414 2514 548 2558 Ἀξῖμοις,
575 2516 705 2546 fecerint
729 2519 837 2548 Inari-

113 2558 132 2572 “
146 2565 230 2586 men:
265 2566 325 2597 ego
353 2564 434 2588 certe
467 2558 568 2589 fateor
599 2570 652 2589 me
683 2560 834 2591 nescire.”

112 2595 274 2638 Quicquid
287 2599 333 2635 sit,
350 2601 481 2631 omnino
496 2602 530 2631 in
545 2602 721 2633 istiusmodi
740 2613 774 2633 re
789 2614 836 2634 er-

110 2647 178 2669 rare
193 2650 256 2671 non
268 2643 370 2680 potuit
386 2643 549 2684 Virgilius.
593 2647 728 2677 Adrion.
756 2648 838 2678 Tur-

109 2684 209 2718 nebus,
227 2685 437 2717 Adversarior.
452 2687 504 2718 lib.
520 2692 570 2718 20.
592 2699 658 2728 cap.
672 2693 704 2720 8.
729 2689 837 2731 Virgi-

109 2723 190 2755 lium
206 2736 244 2757 eo
258 2727 406 2765 defendit,
427 2730 510 2770 quod
538 2733 704 2772 Typhoeum
726 2744 788 2764 non
802 2735 838 2764 in

109 2769 230 2805 cilicia,
247 2777 281 2800 ut
300 2772 460 2808 Humerus,
483 2776 533 2804 sed
550 2776 582 2805 in
597 2778 699 2806 insula
726 2778 834 2808 Pithe-

107 2820 181 2842 cusa
205 2814 317 2845 cubilia
333 2816 441 2845 habere
465 2817 557 2852 dicat,
573 2829 641 2858 quae
664 2821 836 2859 appellatur

109 2854 256 2887 Inarime.
304 2858 347 2887 At
359 2859 474 2896 Strabo,
489 2864 520 2889 et
536 2861 685 2898 Ciliciam,
703 2867 733 2892 et
747 2864 834 2904 Syri-

889 1843 951 1873 777
966 1840 1082 1882 ἕςοισοεν]
1112 1840 1160 1871 Fl.
1178 1841 1253 1872 Ald.
1280 1845 1307 1872 l.

881 1970 940 1994 am,
964 1964 994 1989 et
1016 1961 1204 1995 Pithecusas,
1230 1966 1262 1990 et
1275 1961 1391 1995 Sardes,
1419 1964 1449 1989 et
1471 1961 1607 2001 Mysiam

881 2012 1068 2038 memorans,
1091 2002 1140 2032 his
1155 2003 1284 2033 diversis
1298 2003 1332 2033 in
1347 2003 1424 2033 locis
1445 2015 1464 2033 a
1479 2004 1607 2034 diversis

882 2045 1073 2076 Auctoribus
1084 2045 1208 2084 positos,
1223 2057 1284 2076 uno
1297 2052 1402 2076 tamen
1417 2057 1539 2085 semper
1550 2057 1608 2078 no-

884 2088 970 2119 mine
985 2089 1128 2128 appellat,
1143 2091 1207 2124 τοὺς
1230 2089 1379 2132 Ἀρίμαυς.·
1404 2096 1435 2120 et
1449 2089 1607 2130 adjectum

884 2142 903 2161 a
938 2131 1101 2162 nonnullis
1129 2138 1258 2164 testatur
1286 2133 1474 2163 versiculum
1503 2133 1608 2169 istum,

885 2175 973 2218 Χῶςῳ
989 2176 1023 2205 ἐνὶ
1038 2173 1164 2217 Quisve-1,
1174 2175 1267 2210 ‘³er
1284 2177 1308 2206 ἐν
1324 2176 1395 2207 πίοι-ι
1410 2174 1496 2215 δήμῳ.
1512 2177 1609 2207 Strab-

880 2218 932 2248 lib.
950 2221 998 2248 15.
1014 2228 1044 2257 p.
1060 2222 1131 2250 929.
1174 2218 1341 2259 Equidem,
1364 2218 1468 2259 siquid
1483 2228 1542 2258 ego
1552 2219 1607 2259 ju-

881 2260 959 2296 dico,
991 2261 1041 2291 vix
1070 2261 1285 2297 dubitaverim,
1310 2262 1394 2302 quin,
1420 2271 1610 2302 quocunque

881 2303 915 2334 id
931 2314 1004 2334 casu
1029 2306 1173 2341 evenerit,
1196 2305 1251 2345 qui
1272 2305 1359 2335 locus
1376 2306 1506 2335 Homeri
1530 2310 1608 2335 tem-

881 2347 1009 2385 poribus
1022 2348 1059 2378 Ot‘
1068 2348 1181 2392 ’Άξιμοι
1195 2354 1232 2378 ut
1247 2349 1360 2383 Strabo,
1377 2347 1425 2377 vel
1440 2349 1485 2379 Τὰ
1500 2348 1610 2390 ”Αριμω

881 2396 916 2420 ut
933 2390 1118 2422 Scholiastes
1132 2391 1228 2426 effert,
1245 2396 1414 2426 vocaretur,
1436 2390 1465 2421 is
1488 2393 1612 2432 Virgilii

880 2434 1072 2472 temporibus
1087 2445 1146 2465 usu
1161 2441 1191 2465 et
1200 2443 1343 2464 sermone
1353 2433 1482 2475 vulgari,
1501 2435 1609 2475 (quem

880 2486 976 2515 penes
1000 2477 1164 2508 arbitrium
1190 2483 1236 2507 est
1260 2482 1291 2507 et
1305 2477 1353 2507 vis
1375 2483 1408 2508 et
1427 2488 1540 2508 norma
1560 2478 1609 2508 lo-

881 2519 1022 2560 quendi,)
1039 2521 1213 2560 appellatus
1226 2521 1266 2550 sit
1281 2522 1429 2552 Inarime.
1473 2521 1609 2552 Necnon

880 2562 945 2592 fieri
955 2563 1064 2602 potuit,
1077 2570 1114 2594 ut
1128 2574 1166 2594 ex
1181 2565 1240 2593 hoc
1254 2563 1321 2603 ipso
1332 2563 1461 2595 fortasse
1477 2566 1611 2596 Homeri

879 2615 979 2641 versu,
995 2606 1029 2636 in
1044 2616 1097 2636 ore
1111 2606 1256 2637 omnium
1270 2613 1397 2643 versato,
1413 2612 1480 2638 orta
1495 2607 1535 2637 sit
1549 2607 1608 2638 ista

880 2648 1018 2679 nominis
1032 2650 1172 2680 mutatio.
1219 2649 1353 2685 Accidit,
1369 2650 1455 2681 haud
1467 2650 1532 2681 fere
1546 2650 1608 2681 dis-

879 2691 976 2721 simili
989 2692 1117 2728 ratione,
1135 2693 1168 2723 in
1182 2702 1258 2723 voce
1269 2693 1390 2738 κᾷτεξοι,
1407 2700 1444 2724 ut
1459 2694 1607 2728 Romani,

881 2735 1092 2776 conjunctione
1113 2736 1146 2766 in
1161 2735 1266 2775 ipsum
1285 2747 1394 2768 nomen
1409 2737 1534 2776 penitus
1555 2739 1608 2766 ab-

878 2783 989 2816 sorpta,
1012 2781 1124 2813 caeteri,
1148 2778 1297 2810 dicerent.
1345 2781 1447 2812 Clark.
1471 2779 1542 2811 add.
1568 2780 1612 2810 D.

880 2820 994 2852 Heius.
1008 2820 1048 2852 ad
1064 2821 1118 2854 Sil.
1141 2821 1225 2854 XII.
1241 2825 1315 2854 148.
