1820 3158
892 200 922 231 X

171 318 292 360 etiam
323 324 418 358 ante
449 316 667 365 Clarkium,
697 314 883 369 inprimis
913 329 937 355 a
966 309 1157 366 Betglero
1186 313 1228 351 in
1255 311 1365 351 Actis
1394 309 1656 350 Emditomm

172 398 285 451 Lips.
308 397 548 452 castigatum
568 401 737 435 constat.
799 394 892 448 Ipse
911 392 1030 433 nullis
1049 392 1168 432 libris·
1182 392 1339 446 scriptis
1358 391 1400 430 in
1420 397 1536 430 textu
1555 401 1656 428 con-0

173 477 378 518 stituendo
407 490 502 516 usus
522 481 599 523 est,
622 487 698 513 nec
717 471 916 513 editiones
945 480 1110 512 veteres⁴
1126 471 1317 525 inspexit,
1346 470 1422 509 nisi
1452 468 1524 509 ubi
1551 466 1657 507 forte

176 571 328 598 caussae
349 569 433 596 suae
448 560 690 609 argumenta
701 558 916 607 quaereret:
939 550 1050 591 unde
1062 551 1197 593 multa
1207 550 1368 604 reliquit
1382 550 1549 598 intacta,
1562 558 1657 602 quae

176 635 488 691 praetermittere
507 646 592 673 non
612 631 800 682 debebat,
822 645 900 686 pro
919 645 1026 671 nova
1058 629 1266 671 interdum
1284 629 1458 670 lectione
1475 626 1660 668 vendita»-

179 716 251 765 vit,
266 728 357 769 quae
371 714 413 753 in
433 711 634 753 veteribus
647 711 893 752 editionibus
912 717 1036 752 extat.
1096 709 1311 751 Interdum
1326 709 1462 757 etiam,
1480 708 1550 749 sed
1565 720 1661 748 raro

181 803 333 844 tamen,
351 793 704 848 conjecturas'suas
724 792 767 832 in
780 798 943 832 textum
956 791 1124 845 recepit,
1141 789 1211 831 ubi
1223 789 1265 830 id
1280 788 1380 830 alius
1399 801 1485 829 non
1500 786 1660 829 audeat.

182 875 250 917 De
263 874 325 915 his
338 889 415 931 ego
427 874 470 914 in
482 873 631 915 notulis
643 873 842 928 adspersis
856 872 1014 914 monui:
1037 879 1230 913 caeterum
1242 877 1495 919 contextum,
1509 868 1663 922 abipso

183 954 418 1004 formatum,
435 953 578 1009 reliqui
598 954 816 1002 intactum3
848 953 919 1008 qui
939 966 1024 993 non
1039 965 1207 1001 novum,
1222 958 1262 993 et
1281 966 1305 992 a
1323 965 1392 992 me
1409 965 1434 991 e
1451 949 1564 990 libris
1578 962 1664 989 cas·-

184 1034 373 1096 tigatum,
391 1042 549 1076 textum
562 1034 660 1075 dare
679 1034 801 1075 volui:
833 1046 918 1074 non
938 1034 994 1074 ita
1008 1047 1075 1074 me
1094 1034 1336 1074 instructum
1349 1047 1374 1073 a
1391 1031 1519 1081 libris,
1540 1030 1667 1084 scrip-

186 1115 236 1156 tis
256 1115 455 1170 inprimis,
479 1115 632 1169 putavi:
663 1128 741 1155 nec
758 1113 802 1161 id
823 1122 909 1154 erat
937 1113 1056 1168 hujus
1074 1114 1282 1167 temporis:
1314 1112 1384 1153 sed
1407 1112 1667 1153 Clarkianum

186 1196 372 1245 reddere,
405 1203 446 1236 et
466 1195 677 1236 materiam
704 1194 793 1236 talis
812 1194 985 1235 instituti
1011 1193 1112 1243 aliis,
1133 1208 1210 1248 pro
1239 1193 1430 1247 praesenti
1462 1191 1667 1240 facultate,

189 1275 462 1330 suppeditare.
522 1275 661 1330 Atque
680 1274 822 1320 eadem
841 1273 894 1315 de
914 1288 1068 1323 caussa,
1091 1273 1332 1323 versionem,
1349 1272 1669 1313 emendatiorem

190 1355 298 1396 illam
330 1355 495 1410 quidem
515 1355 685 1406 caeteris,
708 1355 778 1396 sed
808 1363 944 1395 tamen
963 1353 1173 1409 permultis
1201 1353 1299 1395 locis
1327 1367 1474 1408 parum
1502 1352 1671 1393 latinam

193 1443 264 1477 aut
287 1435 527 1492 elegantem,
558 1449 644 1476 non
674 1436 807 1492 attigi:
838 1448 958 1476 ausus
986 1441 1123 1475 tamen
1141 1448 1234 1475 sum
1250 1433 1469 1475 „interdum
1493 1447 1557 1482 ea,
1574 1440 1669 1488 ‘qua

192 1515 279 1571 ipse
301 1517 486 1558 Clarkius
504 1531 603 1557 usus
625 1524 684 1556 est
703 1516 747 1556 in
767 1515 918 1565 alium,
938 1514 1121 1556 libertate
1134 1514 1220 1565 uti,
1246 1522 1293 1556 ut
1309 1514 1365 1555 de
1381 1513 1556 1569 peccatis
1583 1527 1673 1553 mo-

194 1611 350 1647 nerem,
383 1605 504 1653 atque
523 1598 644 1639 etiam
665 1596 852 1647 subinde,
874 1596 1083 1653 'quomodo
1101 1596 1261 1651 poetica
1287 1594 1478 1651 quaedam
1496 1592 1677 1648 epitheta

195 1680 455 1738 intelligenda
479 1689 624 1732 essent,
646 1681 884 1722 indicarem:
916 1681 949 1722 si
968 1694 1129 1735 possem
1156 1681 1276 1721 etiam
1307 1679 1384 1721 hac
1403 1679 1562 1720 latione
1589 1678 1676 1719 effi·

197 1776 304 1812 cere,
337 1769 381 1802 ut
410 1760 545 1803 minus
572 1761 805 1802 offensionis
834 1760 1033 1802 haberent
1051 1760 1162 1816 apud
1191 1774 1274 1810 eos,
1305 1760 1390 1815 qui,
1426 1760 1470 1800 in
1498 1758 1679 1815 legendis

199 1841 462 1896 scriptoribus
482 1842 674 1898 antiquis,
696 1841 882 1897 inprimis
895 1841 1087 1890 Homero,
1109 1849 1150 1882 et
1165 1841 1320 1882 caeteris
1333 1840 1478 1895 poetis,
1492 1853 1576 1880 non
1595 1839 1677 1880 vim
1731 1874 1737 1878 .

201 1920 434 1972 verborum,
456 1921 526 1962 sed
546 1921 811 1979 etymologias
831 1921 982 1963 vident.
1317 1919 1320 1922 ’

260 2001 310 2042 In
330 2001 432 2042 notis
454 2001 686 2042 C'Zarkz'am's
705 2000 805 2056 quid
824 2000 919 2041 insit
938 2000 1052 2050 boni,
1067 2001 1155 2055 jam
1175 2007 1294 2042 antea
1312 2000 1500 2041 indicavi.
1560 1999 1682 2040 Acci-

201 2081 262 2122 dit
295 2088 432 2122 autem
451 2081 540 2122 viro
571 2079 799 2130 excellenti,
832 2080 944 2136 quod
964 2080 1169 2131 omnibus,
1205 2082 1274 2136 qui
1300 2081 1345 2121 in
1362 2080 1499 2136 aliquo
1532 2094 1683 2138 genere

201 2161 352 2217 aliquid
372 2160 534 2218 egregie
552 2161 707 2202 inventi
726 2160 894 2212 habent,
917 2168 987 2202 aut
1005 2175 1125 2202 novae
1139 2161 1450 2211 observationis,
1468 2168 1514 2202 ut
1533 2160 1576 2201 id
1591 2161 1683 2202 ubi-

207 2258 285 2299 que
298 2242 418 2283 nimis
437 2242 641 2299 ingerant,
664 2256 710 2283 ac
724 2241 879 2296 jactent
898 2241 1020 2282 etiam
1040 2241 1178 2283 alienis
1197 2241 1306 2283 locis.
1343 2244 1346 2247 ’
1365 2241 1482 2283 Dum
1501 2241 1687 2297 cupidius

208 2324 355 2380 quaerit
367 2323 444 2363 Vir
461 2322 680 2378 praeclarus
692 2320 1018 2378 artificia'poe'tae,
1040 2322 1194 2377 reperit
1208 2323 1346 2372 etiam,
1362 2322 1433 2363 ubi
1452 2310 1562 2363 nulla
1575 2325 1686 2372 sunt,

210 2418 368 2444 memor
400 2403 530 2460 magis
564 2403 855 2444 observationis
886 2403 1050 2458 alicujus
1082 2416 1184 2453 suae,
1225 2417 1346 2458 quarn
1382 2402 1689 2444 »consuetudinis

212 2483 436 2523 Homericae
465 2491 505 2524 et
524 2481 790 2537 parallelismi.
852 2482 902 2524 Id
931 2483 1152 2524 admonere
1180 2482 1379 2524 studiosos
1399 2495 1484 2523 non
1513 2482 1690 2524 alienum

211 2562 367 2616 putavi,
389 2576 441 2602 ne
458 2562 722 2603 abuterentur
741 2561 845 2603 bene
865 2562 961 2604 alias
988 2563 1238 2620 excogitatis.
1298 2562 1447 2617 Adjeci'
1473 2563 1595 2603 etiam
1614 2576 1690 2604 no·

213 2639 316 2681 tulas
336 2640 530 2695 quasdam
552 2642 604 2683 de
622 2656 730 2692 meo,
752 2657 845 2697 quae
859 2643 920 2683 vel
940 2642 1233 2692 adlectionem,
1254 2642 1316 2683 vel
1336 2643 1390 2683 ad
1401 2642 1524 2684 verba
1543 2651 1583 2684 et
1603 2657 1693 2684 sen-

215 2720 361 2760 tentias
389 2720 672 2764 illuminandas
701 2723 963 2777 pertinerent.
1024 2722 1139 2771 Quas
1173 2731 1213 2764 et
1233 2723 1338 2777 ipsas
1358 2723 1619 2778 copiosiores,
1640 2730 1694 2763 >et

217 2813 389 2841 numero
407 2802 606 2845 auctiores
623 2802 756 2845 facere
775 2818 841 2844 me
860 2802 1037 2858 potuisse
1056 2802 1153 2844 seio:
1186 2803 1258 2844 sed
1279 2818 1363 2845 non
1385 2812 1471 2846 erat
1482 2803 1693 2847 consilium

862 2889 880 2914 4
