1820 3158
884 215 917 266 ii

150 351 455 411 typographicis
477 343 722 401 traderetur,
744 359 785 392 et
805 349 857 391 ad
877 351 1109 391 ornandum
1133 349 1267 405 aliqua
1293 347 1535 395 accessione,
1567 360 1647 399 qua

150 443 190 476 et
220 434 377 476 auctius
398 442 438 475 et
457 433 594 474 utilius
615 447 717 488 opus
736 432 835 474 illud
865 432 954 473 fieri
984 440 1132 488 posset.
1193 432 1287 487 Ego
1317 445 1428 479 vero,
1452 429 1520 485 qui
1558 436 1645 468 tum

150 514 253 555 nihil
285 514 395 556 aliud
424 513 619 554 haberem
648 514 692 553 in
722 513 927 561 manibus,
957 512 1131 554 libenter
1160 512 1239 552 hoc
1270 511 1361 560 feci,
1392 519 1439 551 ut
1478 508 1648 564 conqui-

152 610 285 636 rerem
315 593 483 649 aliquid,
515 592 627 648 quod
648 592 816 649 adjungi
837 592 1054 633 commode
1073 601 1223 647 posset,
1256 600 1296 632 et
1326 592 1370 631 in
1390 588 1649 631 recensendis

152 675 261 716 notis
284 674 517 715 Clarkz'anis
542 671 844 729 adspergerem,
863 687 956 728 quae
985 672 1033 713 iis
1062 672 1125 712 vel
1154 670 1410 713 adstruendis
1440 678 1480 711 et
1500 668 1650 711 confir-

153 755 330 804 mandis,
372 753 434 795 vel
464 753 733 810 corrigendis,
763 753 826 794 vel
855 753 1032 808 denique
1060 752 1158 794 locis
1187 754 1321 807 po'e'tae
1351 750 1549 800 obscuris,
1581 756 1651 791 aut

152 835 346 890 suspectis
375 833 625 890 prodessent.
689 833 771 875 Sed
800 834 844 874 id
873 834 1008 889 ipsum
1036 848 1131 875 cum
1161 847 1324 890 agerem
1355 831 1550 881 maxime,
1581 829 1651 870 de-

153 916 269 957 cessit
288 914 523 964 Fritsclzius,
545 921 667 969 atque
686 913 744 954 ita
763 913 981 954 consilium
1001 913 1194 954 destituit.

213 995 282 1036 Ab
302 994 370 1035 illo
383 1003 584 1049 tempore,
606 994 679 1035 etsi
699 1008 785 1034 non
798 993 962 1050 neglexi
982 994 1216 1043 Homemcm,
1237 1001 1375 1034 tamen
1396 1007 1459 1033 res
1476 990 1654 1032 substitit

152 1077 263 1118 intra
282 1075 456 1116 modicae
477 1074 839 1115 animadversionis
859 1089 1017 1125 curam,
1038 1089 1112 1129 per
1132 1089 1256 1129 quam
1277 1082 1480 1124 notarem,
1502 1073 1534 1114 si
1554 1070 1656 1127 quid

156 1166 227 1199 aut
247 1157 485 1212 reperissem
506 1155 558 1196 ab
574 1155 660 1196 aliis
679 1155 954 1210 propositum,
976 1164 1048 1196 aut
1068 1154 1169 1195 mihi
1189 1155 1232 1195 in
1252 1162 1433 1195 mentem
1465 1154 1652 1201 venisset,

156 1237 268 1293 quod
289 1237 341 1278 ad
361 1236 461 1277 illud
481 1235 694 1276 consilium
714 1237 953 1291 pertineret,
974 1250 1050 1276 nec
1079 1235 1218 1290 putavi
1248 1234 1446 1284 futurum,
1477 1242 1523 1274 ut
1552 1231 1655 1273 mihi

156 1320 307 1361 iterum
326 1318 381 1359 ad
400 1317 618 1358 Homerum
639 1316 918 1357 accedendum
938 1324 1041 1357 esset
1060 1315 1208 1357 edendi
1229 1330 1379 1356 caussa.
1443 1312 1657 1369 Superiori

158 1408 295 1442 autem
315 1398 450 1439 hieme
470 1413 564 1439 cum
585 1412 754 1454 rogarer
774 1397 826 1438 ab
849 1412 913 1447 eo,
936 1397 1006 1452 qui
1026 1397 1318 1437 Fritsclzz'anzcm
1348 1395 1561 1437 consilium
1591 1408 1655 1434 re-

157 1491 354 1530 vocasset,
376 1487 437 1529 ut,
460 1493 552 1534 quae
567 1477 762 1519 haberem
782 1493 805 1518 e
824 1477 998 1533 pristino
1017 1476 1084 1518 illo
1097 1477 1297 1526 instituto,
1317 1475 1584 1517 concederem
1605 1475 1657 1515 si-

156 1564 215 1615 bi,
233 1564 530 1619 efficeoernque,
560 1570 607 1603 ut
632 1577 716 1604 suae
740 1562 929 1603 editionis
956 1561 1145 1616 exempla
1163 1561 1361 1602 haberent
1381 1560 1531 1615 aliquid
1551 1575 1659 1615 prae-

159 1647 270 1702 cipui
289 1660 377 1701 prae
392 1646 655 1695 Britannicis,
678 1660 754 1686 nec
775 1661 816 1686 se
836 1644 988 1686 differri
1018 1652 1227 1699 pateretur
1247 1644 1296 1685 ad
1320 1652 1505 1699 tempora
1524 1644 1660 1699 publi-

163 1744 210 1770 ce
239 1728 456 1784 quietiora,
487 1727 590 1767 mihi
620 1735 756 1768 autem
786 1727 978 1782 privatim
1009 1727 1203 1768 otiosiora
1225 1735 1265 1768 et
1285 1727 1420 1768 minus
1440 1736 1654 1781 occupata:

161 1806 257 1850 dedi
272 1823 339 1849 me
355 1808 407 1849 ad
428 1807 778 1865 recognoscendas
798 1807 1086 1864 augendasque
1106 1806 1283 1862 copiolas
1303 1822 1427 1857 meas,
1449 1817 1591 1848 tenues
1611 1807 1659 1847 il-

160 1890 218 1932 las
239 1889 421 1945 quidem,
443 1898 484 1930 et
503 1890 546 1930 in
566 1889 742 1944 speciem
761 1888 882 1938 leves,
904 1888 977 1929 sed
997 1897 1151 1938 tamen,
1173 1897 1218 1929 ut
1238 1902 1372 1943 spero,
1394 1902 1478 1928 non
1498 1888 1660 1929 inutiles

161 1970 216 2011 ad
235 1970 453 2010 Homerum
473 1969 536 2010 vel
556 1968 875 2019 emendandum,
897 1968 959 2010 vel
973 1967 1294 2025 intelligendum.
1353 1968 1504 2010 Dicam
1524 1969 1661 2023 primo

162 2049 214 2091 de
234 2050 362 2101 libris,
391 2050 538 2106 quibus
567 2065 663 2092 usus
682 2065 773 2091 sum
793 2049 846 2091 ad
875 2049 1161 2091 instruendum
1180 2050 1243 2091 vel
1271 2049 1487 2090 Homerum
1507 2050 1659 2104 ipsum,

165 2132 227 2173 vel
255 2146 338 2182 eos,
370 2132 440 2187 qui
460 2131 644 2187 posthaec
673 2131 772 2172 dare
792 2146 834 2171 se
853 2130 978 2171 velint
998 2131 1051 2172 ad
1080 2132 1262 2172 carmina
1290 2130 1374 2185 ejus
1409 2130 1550 2172 critica
1568 2130 1660 2171 dili-

167 2213 308 2270 gentia
329 2212 560 2263 tractanda,
583 2220 623 2254 et
653 2227 675 2253 e
703 2211 816 2253 libris
845 2211 1023 2267 antiquis
1053 2211 1320 2253 emendanda.

226 2293 276 2334 In
298 2294 346 2334 iis
366 2302 504 2335 autem
523 2294 705 2348 primum
724 2292 861 2334 locum
882 2300 992 2334 tenet
1015 2294 1145 2334 Codex
1170 2293 1468 2345 manuscriptus,
1499 2293 1570 2348 qui
1600 2300 1660 2333 est

166 2375 210 2414 in
230 2374 480 2415 Bibliotheca
503 2383 641 2416 nostra
659 2375 872 2423 Paulina,
894 2373 1175 2429 perantiquus,
1197 2381 1243 2414 ut
1255 2373 1325 2428 qui
1338 2381 1432 2414 ante
1447 2372 1555 2414 mille
1574 2389 1661 2415 am·

163 2454 268 2510 plius
288 2468 418 2495 annos
443 2455 615 2510 scriptus
646 2455 917 2504 existimatur,
949 2462 990 2495 et
1018 2454 1072 2495 ob
1101 2454 1298 2509 praeclara
1326 2453 1479 2495 scholia
1506 2454 1662 2497 inedita

165 2534 323 2576 nobilis.
388 2534 461 2575 Est
473 2536 515 2575 in
532 2535 674 2577 charta
693 2534 943 2591 bombycina
956 2535 1144 2590 scriptus,
1166 2534 1429 2590 continetque
1445 2534 1575 2577 Iliada
1594 2551 1662 2577 us-

165 2630 246 2670 que
266 2614 318 2654 ad
347 2615 463 2655 initia
484 2616 653 2671 ῥαψῳδίας
687 2628 723 2661 Ρ,
760 2616 917 2657 caeteris
936 2616 980 2656 in
1000 2614 1142 2656 charta
1162 2613 1334 2671 vulgari,
1365 2629 1492 2656 manu
1522 2630 1663 2657 recen-

165 2695 276 2744 tiori,
298 2695 472 2749 scriptis,
495 2695 581 2735 sine
601 2694 776 2745 scholiis,
799 2696 852 2736 de
871 2696 1018 2752 quibus
1039 2696 1114 2736 scis
1134 2695 1330 2736 traditum
1346 2711 1430 2737 esse
1450 2711 1475 2737 a
1494 2696 1530 2737 b.
1559 2697 1661 2738 Wol-

147 2776 231 2828 βο,
263 2774 339 2816 sub
360 2775 642 2828 Homeavplzili
662 2776 845 2827 nomine,
872 2777 916 2816 in
947 2777 1218 2817 Mz'scellaneis
1248 2777 1533 2826 Dorvillianis,
1567 2776 1660 2818 Vol.

165 2856 217 2898 V.
237 2871 278 2912 p.
307 2860 397 2898 153.
419 2870 503 2913 sqq.
566 2855 697 2898 Hunc
721 2856 916 2899 Codicem
939 2865 1034 2899 ante
1053 2856 1188 2913 plures
1208 2872 1353 2909 annos,
1385 2872 1477 2900 mea
1503 2871 1662 2907 caussa,
