1783 3158
654 159 945 210 ΙΛΙΑΔΟΣ
986 158 1055 205 B'.

1509 147 1610 200 127

377 308 388 323 ἱ
463 309 472 324 9
634 303 655 321 .Ι.
763 305 773 319 9
834 301 861 319 ‘X
1051 299 1064 316 Ι
1146 299 1159 315 Ι
1211 301 1219 314 J
1264 296 1285 314 ’l

264 318 436 381 Νιξευς,
478 314 698 371 Αγλαιης
727 307 763 354 S
804 326 905 359 υιος,
934 306 1156 372 Χαξοποιο
1185 324 1211 349 τ
1250 320 1459 355 ανακτος·

263 381 441 454 Νιρεὺς,
467 378 510 438 ὃς
538 381 788 435 κάλλιστος
817 377 919 448 ἀνὴξ
949 399 1029 427 υπο

958 372 1066 392 exn

1070 380 1183 425 Ιλιον
1210 369 1346 430 ἦλθε,

264 460 357 508 Tim
383 455 536 506 ἄλλων
558 455 762 509 Δαναῶν,
790 474 880 520 μετ
919 448 1134 518 ἀμύμονα
1160 446 1410 504 Πηλείωνα·

120 534 227 588 675
262 531 405 582 Ἀλλ’
434 525 694 585 ἀλαπαδνὸς
723 524 803 583 ἕην,
839 527 1002 595 παῦξος
1031 522 1073 574 δέ
1102 524 1139 573 οἱ
1167 520 1308 573 εἵπετο
1335 518 1462 578 λαός.

322 602 387 655 Οἳ
404 603 445 655 δ’
471 601 565 674 α’ξα
585 599 773 671 Νίσυξόν
795 600 830 650 τ’
857 594 994 667 εἶχον,
1015 594 1268 667 Κξάπαθόν
1290 617 1352 651 τε,
1376 595 1526 646 Κάσον
1548 616 1609 650 τε,

266 679 359 730 Καὶ
388 679 481 728 Κῶν
509 673 783 746 Εὐξυπύλοιο
809 672 949 728 πόλιν,
979 672 1122 728 νήσους
1150 693 1195 720 τε
1227 667 1484 727 Καλύδνας,

265 755 359 803 Τῶν
389 749 449 802 αὖ
471 747 712 805 Φείδιππός
734 769 780 797 τε
808 747 885 796 καὶ
906 744 1120 808 ”Αντιφος
1150 743 1435 807 ἡγησάσθην,

271 826 519 876 Θεσσαλοῦ
546 819 608 874 υἷε
638 820 735 876 δύω,
762 817 1075 891 εΗξακλεῖδαο
1111 815 1320 873 οἷ’νακτος·

121 904 230 955 680
267 903 360 951 Τῶν
388 898 432 950 δὲ
460 898 690 968 «τξιῆκοντα
712 893 950 964 γλαφυξαὶ
981 890 1060 949 νέες
1089 890 1360 959 ἐστιχόωντο.

344 975 439 1024 Νῦν
467 971 506 1024 δ’
537 968 598 1022 αὖ
618 968 732 1027 τοὺς,
751 967 870 1020 ὅσσοι
894 966 941 1019 τὸ
963 972 1258 1030 Πελασγικον

1223 964 1234 979 Χ
1271 963 1290 982 ’l

1295 972 1448 1036 Αργος
1469 961 1616 1020 ἔναιον,

277 1121 400 1155 Nireus,
420 1119 625 1159 Agala'iaeque
641 1117 730 1153 filius,
750 1115 946 1156 Charopique
960 1116 1058 1157 regis;

278 1175 401 1208 Nireus,
419 1174 472 1214 qui
488 1172 730 1203 formosissimus
744 1171 789 1201 vir
803 1170 843 1201 ad
863 1171 871 1199 1
878 1170 956 1200 lium
980 1170 1072 1205 venit,

280 1230 474 1260 Caeterorum
493 1229 687 1261 Danaorum,
706 1232 773 1266 post
788 1225 1038 1256 laudatissimum
1053 1222 1211 1254 Pelidem:

196 1287 258 1317 575
284 1283 344 1314 Sed
359 1283 493 1313 imbellis
508 1288 580 1317 erat,
598 1291 766 1321 paucaeque
787 1290 861 1310 eum
877 1280 1084 1319 sequebantur
1098 1279 1204 1317 copiae,

326 1338 390 1374 Qui
406 1347 478 1367 vero
494 1336 706 1375 Nisyrumque
721 1335 876 1368 tenebant,
896 1333 1157 1372 Crapathumque,
1176 1331 1362 1370 Casumque‚

280 1391 325 1422 Et
349 1392 446 1426 Coon,
464 1389 616 1429 Eurypyli
633 1389 751 1422 urbem,
767 1387 948 1427 insulasque
965 1386 1129 1426 Calydnas,

282 1445 346 1475 His
362 1444 607 1484 Phidippusque‚
624 1450 655 1473 et
671 1443 832 1480 Antiphus
854 1447 1013 1480 praeerant,

283 1498 423 1529 Thessali
439 1498 494 1528 filii
511 1498 583 1532 duo,
601 1495 822 1527 Herculis-filii
838 1496 934 1536 regis:

199 1556 262 1584 680
285 1553 413 1584 Horum
429 1559 535 1583 autern
551 1551 679 1592 triginta
694 1561 776 1581 cavae
793 1561 885 1581 naves
901 1549 1009 1580 ordine
1025 1549 1120 1579 ibant„

327 1607 423 1638 Nunc
438 1617 510 1637 vero
524 1607 606 1641 istos,
622 1612 773 1646 quotquot
790 1605 990 1646 Pelasgicum
1007 1605 1111 1644 Argos
1126 1602 1313 1637 habitabant,

329 1701 392 1729 676
407 1698 552 1741 Νἷσσυξον]
570 1697 642 1728 MS.
661 1697 765 1739 θέο-ον]
783 1697 855 1727 MS.
901 1699 961 1727 677
978 1694 1137 1737 καλυδνὰς]
1154 1694 1200 1725 Fl.
1218 1695 1256 1724 A.
1274 1697 1302 1725 l.
1346 1696 1409 1724 679
1424 1691 1483 1734 δύο]
1501 1691 1540 1722 A.
1557 1694 1584 1722 2.
1606 1694 1637 1722 5.

371 1753 404 1783 J.
451 1755 511 1782 681
533 1751 633 1793 ‘roi-335]
653 1752 726 1781 MS.
742 1751 797 1781 sed
820 1751 860 1791 gl.
879 1751 1003 1789 interpr.
1031 1750 1147 1780 τούτων·
1194 1752 1250 1779 681
1271 1747 1387 1788 αὐτοὺς]
1417 1747 1487 1776 MS.
1506 1747 1539 1786 (a
1553 1755 1637 1776 man.

373 1806 463 1844 prim.
486 1805 540 1836 sed
555 1815 705 1846 suprascr.
721 1815 805 1836 man.
821 1804 958 1836 secunda
971 1803 1024 1844 αὖ)
1041 1803 1110 1834 edd.
1126 1809 1196 1834 vett.
1212 1808 1323 1843 praeter
1342 1801 1414 1832 Ald.
1433 1804 1460 1830 l·
1477 1800 1545 1842 ὅσοι]
1561 1800 1636 1830 MS.

175 1921 234 1947 Non
247 1921 307 1951 suit,
317 1925 428 1954 excepto
438 1923 579 1947 Laurentis
589 1929 697 1953 corpore
708 1922 804 1947 Turni.

601 1962 661 1986 AEn.
673 1961 696 1984 V
701 1962 712 1986 1
718 1962 738 1986 1.
749 1963 805 1987 649.

144 2010 344 2042 Monendum
359 2011 410 2041 hic
420 2012 530 2050 primo,
548 2017 666 2050 quanto
681 2021 754 2040 cum
772 2009 867 2040 artifi-

141 2053 200 2089 cio,
218 2060 252 2084 ut
277 2053 394 2084 Poe'ma
415 2064 516 2083 unum
539 2053 577 2083 sit
592 2064 611 2083 a
625 2053 724 2092 capite
746 2053 784 2083 ad
807 2052 869 2082 cal-

142 2105 219 2131 cem,
236 2097 345 2135 ubique
365 2103 519 2135 spectetur
543 2103 573 2126 et
587 2097 741 2126 inseratur
763 2098 871 2126 Achil-

142 2140 192 2170 les.
239 2139 475 2169 Observandum
490 2142 607 2175 deinde,
620 2150 726 2170 vocem
737 2139 871 2177 ἀμύμονα

146 2191 211 2211 non
239 2181 344 2220 utique
373 2185 456 2212 omni
481 2185 571 2212 laude
597 2189 741 2212 ornatum
769 2183 871 2211 virum

150 2223 305 2258 denotare,
333 2226 378 2264 (οὐ
393 2226 452 2267 ’γάρ
475 2239 503 2255 τι
520 2225 711 2265 γλυκύθυμος
739 2226 805 2267 ἀνὴρ
829 2224 869 2259 ἦν,

147 2265 202 2298 οὐδ’
233 2268 422 2306 dyctamnum)
456 2267 508 2298 sed
543 2269 611 2298 Una
635 2270 742 2307 quavis
773 2268 870 2297 animi

145 2310 320 2348 corporisve
335 2310 407 2340 dote
423 2311 588 2347 eximium;
613 2319 657 2345 ut,
674 2311 776 2340 hocin
792 2311 869 2345 loco,

145 2355 247 2392 Specie
262 2364 298 2382 ac
317 2355 428 2384 Forma
447 2354 602 2392 Corporis.
646 2355 869 2392 Denique‚·no·

145 2395 276 2425 tandum
289 2396 339 2425 hic
351 2397 611 2438 Ampltficatiom‘s
621 2406 722 2436 genus
733 2396 773 2430 id,
786 2395 871 2437 quod

147 2448 165 2467 a
195 2439 386 2472 Quintiliano
411 2439 600 2478 appellatum
628 2446 673 2469 est
697 2441 870 2470 Incremen-

147 2486 210 2511 tum
220 2494 229 2510 .·
250 2481 343 2516 Quod
361 2488 377 2500 “
391 2489 433 2512 est
439 2484 690 2521 potentissimum,
700 2493 767 2512 cum
783 2493 869 2521 mag-

150 2528 169 2542 0‘
183 2534 224 2552 na
240 2525 380 2554 videnlur
401 2527 493 2555 etiam
520 2536 588 2565 quae
612 2526 765 2563 Inferior-a
791 2532 870 2555 sunt.

146 2571 165 2585 ⁴⁴
177 2582 221 2589 -—
238 2567 298 2596 Per·
313 2568 346 2596 id
361 2570 480 2598 venitur
495 2580 555 2598 non
568 2571 653 2599 modo
663 2571 703 2598 ad
713 2579 871 2603 summum,

152 2610 230 2638 “sed
260 2611 382 2639 interim
411 2613 628 2650 quodammodo
663 2622 755 2650 supra
791 2622 872 2641 sum-

152 2656 170 2670 “
183 2661 275 2680 mum.
291 2668 334 2675 —
355 2654 404 2687 Ue,
432 2653 505 2688 Quo
526 2654 683 2692 pulchrior
705 2653 784 2683 alter
801 2654 873 2683 Non

151 2698 170 2712 ⁴⁶
184 2692 252 2727 fuit,
277 2700 404 2733 excepto
429 2695 596 2726 Laurentis
619 2707 746 2736 corpore
762 2697 873 2726 Turni.

151 2740 170 2755 “
186 2736 344 2766 Summum
361 2743 408 2771 ‚est
431 2741 522 2774 enim,
537 2750 595 2778 quo
616 2742 776 2779 pulchrior
796 2741 874 2770 alter

152 2784 172 2798 “
185 2789 245 2808 non
261 2778 350 2818 fuit;
374 2781 445 2810 huic
460 2783 569 2812 deinde
583 2784 702 2823 aliquid
717 2793 809 2822 supra
821 2794 877 2822 po·

154 2825 172 2843 ὓ
184 2823 277 2852 sicum
292 2822 369 2852 est.”
393 2823 461 2852 Lib.
477 2827 507 2853 8.
523 2834 550 2854 c.
568 2828 597 2855 4.

196 2863 269 2895 Ver.
286 2868 356 2896 681.
373 2866 426 2896 Νῦν
441 2864 463 2896 δ’
478 2865 519 2897 αὖ
530 2868 602 2902 τοὺς,
618 2885 662 2893 -
676 2869 730 2901 'riv
740 2866 773 2900 ri»
787 2867 876 2908 αέρχδς

909 1921 1093 1964 Ἀχιλλεὺς.]
1141 1920 1262 1960 Species
1306 1920 1372 1948 haec
1401 1916 1642 1948 constructionis

910 1966 1115 1998 ἀνακόλουθος,
1134 1974 1195 2003 qua
1210 1962 1371 1996 sententia,
1396 1963 1434 1991 ab
1451 1961 1512 1990 alio
1527 1960 1638 1989 incho-

913 2015 963 2038 ata
992 2007 1125 2042 exordio,
1153 2013 1272 2037 mutata
1299 2005 1463 2043 derepente
1490 2002 1640 2042 loquendi

913 2052 1040 2086 ratione,
1056 2050 1089 2080 in
1105 2050 1197 2079 aliam
1213 2048 1299 2089 quasi
1318 2048 1481 2086 inopinato
1495 2046 1641 2085 syntaxin

914 2094 1041 2130 desinit3
1066 2093 1190 2132 optimis
1208 2091 1397 2122 Auctoribus
1419 2100 1492 2120 cum
1511 2088 1639 2124 Graecis,

913 2143 982 2168 tum
998 2136 1127 2171 Latinis
1145 2146 1208 2165 non
1231 2142 1275 2165 est
1291 2134 1446 2164 inusitata.
1492 2131 1575 2161 Vide
1590 2141 1627 2162 su

915 2191 969 2219 pra
983 2180 1023 2210 ad
1038 2190 1098 2209 ver.
1113 2183 1186 2209 553.
1201 2185 1231 2208 et
1246 2177 1328 2207 infra
1343 2176 1381 2207 ad
1406 2176 1444 2215 γ’.
1462 2178 1532 2204 211.
1549 2180 1579 2204 et
1603 2173 1643 2204 ad

916 2223 950 2261 ζ’.
966 2226 1037 2254 510.
1053 2229 1084 2252 et
1098 2222 1137 2252 ad
1153 2222 1189 2252 κ’.
1205 2225 1276 2251 224.
1292 2224 1362 2250 457.
1379 2226 1409 2249 et
1424 2218 1461 2248 ad
1483 2219 1586 2257 Odyss.
1602 2217 1643 2256 μ’.

915 2269 964 2297 73.
1009 2267 1131 2295 Verum
1147 2266 1205 2295 hoc
1221 2265 1253 2294 in
1270 2263 1337 2293 loco
1359 2261 1523 2301 peculiaris
1544 2260 1576 2290 id
1591 2270 1643 2290 ar-

913 2308 1000 2339 tificii
1014 2309 1103 2343 inest,
1120 2315 1163 2343 ut,
1187 2308 1226 2337 de
1242 2308 1360 2337 Achille
1384 2305 1531 2338 dicturus,
1558 2303 1644 2343 (vide

913 2352 997 2382 infra
1010 2351 1049 2382 ad
1066 2352 1093 2382 ε’.
1110 2351 1196 2390 788.)
1211 2360 1273 2390 quo
1285 2348 1481 2378 attentiorem
1493 2346 1551 2376 sibi
1566 2346 1648 2377 Lec-

913 2401 1013 2425 torem
1028 2395 1129 2428 faciat,
1147 2395 1251 2423 nescio
1273 2391 1347 2431 quid
1368 2392 1491 2421 sublime
1510 2390 1646 2431 proesarz'

914 2438 1053 2468 videatur
1072 2438 1182 2472 Poeta
1217 2442 1255 2470 et,
1281 2434 1408 2464 exordio
1431 2440 1581 2473 tanquam
1605 2439 1646 2464 ex

914 2491 994 2510 nova
1008 2491 1041 2510 re
1064 2480 1235 2517 desumpto,
1259 2478 1371 2507 iterum
1395 2477 1449 2507 Νῦν
1471 2474 1492 2506 δ’
1517 2475 1557 2507 αὖ
1578 2477 1645 2510 τοὺς

914 2541 958 2548 -
971 2523 1082 2554 eodem
1098 2523 1162 2553 fere
1177 2521 1271 2551 modo
1296 2520 1346 2550 hic
1368 2519 1461 2554 dicat,
1484 2519 1646 2558 quomodo

916 2577 1009 2606 supra
1022 2567 1148 2600 dixerat,
1161 2566 1288 2595 Ἐσπετε
1306 2564 1348 2593 νῦν
1364 2577 1418 2601 μοι,
1437 2565 1553 2598 Μοῦσαι,
1578 2573 1642 2593 ver.

917 2613 990 2640 484.
1037 2609 1148 2648 Neque
1162 2605 1434 2640 dissimulandum,
1450 2606 1531 2637 hanc
1542 2607 1650 2636 obser-¹

917 2649 1074 2682 vationem
1103 2662 1122 2681 a
1151 2650 1329 2680 doctissima
1359 2651 1493 2679 Domina
1526 2650 1647 2680 Dacier

918 2695 1002 2734 prius
1025 2699 1216 2733 occupatam.
1261 2692 1368 2727 Porro,
1393 2691 1468 2721 olim
1497 2697 1514 2711 “
1534 2693 1648 2722 latebat

920 2744 937 2757 ‘⁴
952 2740 1002 2768 Ιιιέ
1031 2737 1138 2768 error''
1168 2735 1285 2776 (inquit
1310 2734 1509 2765 doctissimus
1546 2735 1649 2765 Henr.

923 2779 1113 2820 Stephanus)
1132 2785 1149 2798 ‘⁴
1163 2790 1182 2808 a
1197 2781 1316 2809 nemine
1331 2784 1432 2812 antea,
1448 2779 1528 2817 quod
1543 2779 1649 2814 sciam,

923 2829 941 2844 ‘⁶
954 2825 1168 2862 deprehensum
1196 2822 1306 2856 αὐτοὺς,
1323 2831 1378 2860 pro
1393 2820 1433 2851 αὖ
1448 2821 1541 2855 πόμ’·

964 2866 1040 2896 Ver.
1056 2868 1128 2897 684.
1143 2864 1307 2906 nanim-02]
1325 2866 1375 2894 Ac.
1391 2864 1543 2896 καλοῦντα.
