1783 3158
690 190 992 239 ἸΛΙΑΔΟΣ
1035 189 1100 238 B'.

1517 187 1612 235 111

306 338 723 389 KATAAOI'OE
764 339 976 390 NEON,
1017 330 1107 403 ἤτοι
1147 335 1453 382 ΒΟΙΩΤΙΑ.

292 490 491 548 Βοιωτῶν
515 492 594 561 μὲν
621 493 845 551 Πηνέλεως
872 491 953 542 καὶ
980 491 1141 548 Λῆἴτος
1168 488 1314 561 Ξξχον,

148 571 253 621 495
287 565 584 637 Ἀξκεο-ἶλαός
607 589 670 622 τε,
709 566 964 636 Πξοὲοῇνωξ

992 587 1054 620 τε,
1083 563 1263 621 Κλόνιός
1290 586 1352 614 τε·

290 641 361 692 Οἵ
383 643 427 690 θ’
455 640 604 710 εΥξιήν
631 638 837 707 ἐνέμοντο,
865 639 942 688 καὶ
972 637 1158 688 Αὐλίδα
1185 637 1470 707 πετξῆεσσαν,

291 712 470 783 Σχοῖνόν
497 736 561 776 τε,
590 711 766 764 Σκῶλόν
791 734 853 768 τε,
882 709 1157 779 πολύκνημόν
1184 712 1219 761 τ’
1246 709 1457 772 Ἐτεωνὸν,

458 867 738 899 CATALOGUS
760 868 964 903 NAVIUM,
991 867 1078 898 SEU
1100 866 1301 898 BOEOTIA.

286 972 426 1019 Boeotiis
439 987 566 1027 quidem
581 986 735 1017 Peneleus
756 992 787 1017 et
800 986 909 1016 Le'itus
922 985 1122 1024 imperabant,

204 1044 266 1074 495
281 1042 525 1081 Arcaeilausque,
543 1041 802 1081 Prothoenorque,
823 1040 1025 1079 Cloniusque:

288 1096 412 1136 Quique
430 1096 551 1135 Hyrien
567 1094 715 1130 colebant,
731 1100 762 1125 et
779 1094 927 1124 Aulidem
944 1100 1108 1132 petrosam,

290 1150 526 1190 Schoenumque,
542 1148 736 1188 Scolurnque,
748 1148 956 1189 jugosamque
969 1147 1138 1181 Eteonum,

487 1255 548 1283 493
572 1252 759 1294 προτάσσας]
774 1252 844 1283 MS.
888 1255 952 1283 494
975 1250 1145 1292 πηνὲλεθος]
1161 1250 1231 1281 MS.

137 1388 155 1402 ⁴⁴
169 1382 201 1412 in
218 1381 296 1412 libro
325 1391 382 1412 suo
403 1380 487 1412 hiare
511 1381 674 1421 permittit:
712 1381 771 1412 Sed
797 1382 850 1412 ob-

137 1431 155 1445 ⁴⁴
169 1424 272 1454 viandi
286 1435 371 1454 more
395 1424 569 1464 procedens,
596 1425 675 1455 redit
699 1425 783 1455 unde
805 1425 851 1455 di-

137 1473 155 1487 “
169 1477 289 1507 gressus
315 1473 376 1504 est;
407 1473 437 1497 et
451 1467 494 1497 ita
516 1467 622 1497 finitur
647 1467 794 1508 quicquid
818 1478 849 1497 e-

137 1515 155 1530 “
169 1510 344 1539 numeratio
373 1510 438 1547 ejus
474 1510 677 1548 amplectitur.
737 1511 854 1540 Contra

135 1558 154 1572 “
176 1554 321 1591 Virgilius
335 1552 459 1582 nullum
471 1552 503 1581 in
515 1553 795 1583 commemorandis
805 1563 851 1583 re-

137 1600 155 1614 “
169 1595 314 1634 gionibus
341 1594 482 1624 ordinem
507 1602 612 1630 servat,
635 1595 689 1625 sed
703 1595 854 1625 -locorum

136 1643 154 1657 “
168 1637 278 1667 seriem
303 1637 430 1667 saltibus
453 1637 575 1667 lacerat.
596 1656 640 1661 —
661 1637 721 1667 Sed
747 1639 852 1668 necin

134 1685 152 1699 “
170 1680 318 1720 Catalogo
333 1680 518 1709 auxiliorum
540 1682 649 1714 Turni,
671 1680 696 1710 si
712 1680 787 1710 velis
811 1680 850 1710 si-

135 1728 154 1741 “
168 1728 236 1751 tum
252 1722 390 1752 locorum
405 1728 509 1752 mente
520 1733 702 1761 percurrere,
715 1723 853 1752 invenies

134 1770 152 1784 ‘⁶
166 1764 256 1794 illum
266 1765 489 1795 continentiam
504 1766 669 1805 regionum
680 1765 851 1801 secutum‚”

133 1808 268 1838 Macrob.
286 1808 353 1838 Lib.
365 1811 393 1838 5.
406 1818 469 1846 cap.
489 1811 535 1838 15.

174 1851 307 1886 Deinde;
344 1856 361 1869 “
377 1850 536 1880 Homerus
566 1852 679 1885 Omnes,
704 1861 781 1890 quos
815 1850 849 1879 in

134 1897 153 1912 “
169 1895 312 1932 Catalogo
330 1899 479 1926 numerat,
496 1893 589 1922 etiam
606 1900 786 1932 pugnantes,
802 1893 850 1922 vel

135 1939 154 1955 ‘⁴
166 1945 310 1974 prospera
323 1935 371 1965 vel
387 1935 509 1965 sinistra
524 1936 602 1965 forte
617 1943 848 1966 commemorat.

133 1983 152 1997 ‘⁶
166 1978 208 2008 Et
219 1988 291 2008 cum
301 1977 367 2007 vult
378 1978 478 2008 dicere
489 1978 611 2013 occisos,
621 1988 698 2018 quos
710 1978 850 2018 catalogo

135 2025 153 2039 ‘⁶
164 2030 227 2049 non
242 2020 384 2057 inseruit;
403 2031 466 2050 non
482 2021 640 2056 Hominis,
657 2020 710 2050 sed
735 2021 847 2050 Multi-

135 2068 154 2082 “
167 2061 284 2092 tudinis
299 2073 413 2093 nomen
429 2062 559 2100 inducit3
581 2084 620 2090 -
635 2063 714 2093 nulli
728 2070 847 2093 certum

132 2109 151 2124 ‘⁴
165 2115 281 2135 nomen
300 2105 389 2135 facile
404 2111 489 2135 extra
514 2106 699 2146 Catalogum
724 2106 772 2136 vel
795 2105 848 2136 ad-

132 2153 151 2166 “
164 2146 283 2177 densin
292 2148 364 2183 acie,
381 2148 426 2177 vel
444 2148 616 2178 detrahens.
673 2148 734 2178 Sed
757 2150 847 2179 Maro

133 2195 151 2208 ‘⁶
165 2197 276 2225 noster,
301 2190 487 2220 anxietatem
513 2191 606 2231 hujus
631 2191 849 2221 observationis

131 2237 149 2252 ⁴⁶
163 2233 275 2262 omisit.
321 2233 404 2263 Nam
419 2239 450 2262 et
463 2234 497 2262 in
512 2233 662 2274 Catalogo
673 2234 848 2264 nominatos

131 2280 150 2294 ‘⁴
162 2275 297 2314 praeterit
311 2275 345 2305 in
361 2275 458 2310 Bello,
475 2282 506 2305 et
520 2276 596 2306 alios
614 2277 756 2306 nominat
779 2283 850 2307 ante

129 2321 148 2337 “
162 2327 226 2347 non
243 2318 371 2348 dictos'‘
391 2318 471 2348 Ibid.

169 2361 324 2400 Denz'que‚·
347 2371 428 2395 cum,
453 2361 536 2401 quod
560 2363 691 2392 Homero
714 2361 850 2401 plerique

127 2402 203 2432 vitio
218 2409 381 2438 verterunt,
405 2403 495 2438 istud,
511 2404 644 2442 μέλαιναι
660 2406 716 2438 νῆες
737 2404 843 2439 ἕποντο,

127 2445 162 2474 in
176 2446 235 2475 hoc
249 2445 389 2486 catalogo
403 2446 531 2476 totidem
548 2447 648 2476 verbis
665 2451 775 2486 saepz'us
798 2458 843 2477 re·

121 2490 253 2527 petitum
268 2487 403 2528 legatur:
430 2489 580 2524 Quamvis
606 2491 731 2528 Virgilio
748 2489 846 2528 majo-

126 2530 155 2559 ri
170 2530 296 2570 quidem
311 2531 344 2560 in
361 2531 453 2561 laude
475 2532 573 2570 posita
599 2532 638 2562 sit
660 2531 848 2562 incredibilis

128 2571 184 2601 illa
210 2573 432 2603 sententiarum
464 2574 603 2610 varietas,
635 2585 696 2614 qua
721 2585 769 2604 res
797 2574 844 2604 vel

127 2615 265 2645 maxime
280 2615 420 2655 vulgares
435 2616 528 2646 etiam
543 2623 650 2647 ornate
661 2617 846 2654 distinxerit3

127 2667 186 2687 suo
202 2664 307 2687 tamen
321 2658 355 2687 in
371 2658 440 2688 loco
454 2669 554 2700 neque
569 2662 631 2690 kaec
648 2662 714 2699 ipsa
736 2662 845 2699 repeti-

127 2701 170 2730 tio
186 2706 250 2730 arte
265 2706 354 2735 caret,
382 2711 481 2740 neque
504 2702 747 2732 enumerationis
772 2703 846 2732 sim-

126 2742 297 2782 plicitatem
313 2742 346 2772 in
362 2743 516 2773 nan-ando
537 2744 686 2775 dedecuit.
731 2746 788 2775 Est
814 2755 845 2774 e-

126 2785 196 2815 nim
210 2786 270 2815 hoc
285 2796 322 2815 ex
337 2795 446 2815 eorum
460 2796 581 2825 genere,
597 2797 667 2827 quae
682 2787 753 2817 ideo
773 2787 847 2817 sim-

126 2826 295 2866 plicissime
310 2834 340 2859 et
361 2828 428 2858 sine
442 2835 553 2858 ornatu
565 2829 627 2859 dici
648 2830 802 2866 convenit,
815 2836 851 2859 ut

127 2870 240 2910 raptim
253 2880 289 2902 ac
303 2870 388 2902 velut
402 2871 435 2901 in
445 2871 575 2902 transitu
585 2871 709 2912 legendi
725 2882 849 2912 percur-

894 1386 1009 1412 rantur.
1053 1379 1136 1411 Vide
1158 1390 1249 1419 supra
1266 1379 1303 1409 ad
1325 1377 1426 1409 2184.
1472 1380 1611 1416 Quamo-

893 1427 988 1459 brem,
1020 1429 1055 1453 ut
1090 1429 1171 1453 recte
1211 1423 1381 1452 observavit
1410 1424 1610 1460 illacrobrz'us,

896 1474 913 1486 ‘⁴
926 1477 1011 1497 mera
1025 1467 1153 1496 nomina
1174 1465 1334 1500 relaturus,
1360 1475 1422 1495 non
1442 1467 1613 1496 incurvavit

899 1516 916 1529 ‘⁴
930 1521 969 1545 se,
986 1519 1086 1549 neque
1100 1509 1221 1538 minute
1236 1508 1322 1538 torsit
1343 1507 1524 1538 deducendo
1549 1517 1611 1548 sty-

899 1559 916 1572 “
930 1553 996 1582 lum
1012 1562 1067 1590 per
1081 1551 1275 1591 singulorum
1290 1551 1460 1588 varietate33
1481 1551 1534 1581 sed
1550 1558 1610 1581 sta-

899 1601 916 1614 “
929 1595 986 1624 tim
1001 1594 1224 1624 consuetudine
1244 1595 1500 1632 percensentium,
1532 1600 1610 1624 tam-

897 1644 915 1656 “
927 1647 1021 1677 quam
1036 1647 1090 1675 per
1105 1637 1203 1667 aciem
1219 1636 1378 1675 dispositas
1394 1637 1608 1667 euumerans.‘'

894 1679 962 1710 Lib.
979 1683 1006 1710 5.
1023 1690 1086 1718 cap.
1106 1682 1153 1710 15.

937 1723 1011 1752 Ver.
1028 1726 1099 1753 496.
1121 1722 1158 1752 Οἵ
1181 1722 1211 1752 θ’
1230 1723 1325 1764 ‘Tea'nv
1349 1722 1494 1763 ἓνὲμοντο,]
1511 1722 1548 1752 Ei‘
1568 1735 1608 1756 τις

893 1766 979 1808 ἐ’ξοιτο
1001 1766 1113 1795 ὅντινοῧν
1130 1765 1184 1795 τῶν
1208 1765 1335 1798 Ποιητῶν
1350 1766 1365 1797 ἢ
1390 1766 1528 1805 Ῥπτόρων.
1548 1767 1611 1795 τίνα

895 1809 1056 1847 σεμνῦτῆτα
1066 1808 1082 1841 ἢ
1099 1810 1299 1847 καλλιλογίαν
1311 1809 1408 1837 ταῦτα
1423 1808 1486 1847 ’ἔχει
1502 1808 1542 1837 τοὶ
1557 1809 1610 1837 ὄνὲ-

891 1864 987 1890 ματα,
1011 1852 1031 1880 οἳ
1046 1853 1110 1883 ταῖς
1125 1850 1263 1883 Βοιωτίαις
1279 1853 1372 1880 κεῖ-ται
1388 1851 1510 1884 πόλεσιν,
1526 1851 1610 1891 ’Τρία

893 1895 943 1923 καὶ
975 1893 1156 1928 Μυκαλησός,
1173 1910 1216 1916 -
1231 1894 1281 1922 καὶ
1305 1893 1411 1922 τᾶλλα
1434 1894 1501 1930 ἑξῆς,
1533 1892 1569 1922 οἷν
1597 1893 1610 1922 o‘

893 1937 1008 1969 ποιητὴς
1031 1936 1184 1974 μέμνηται·
1209 1935 1289 1968 οὐδεὶς
1312 1937 1347 1964 ἂν
1370 1936 1453 1965 εἰπεῖν
1467 1933 1518 1965 οὐδ’
1534 1936 1611 1964 ἡντι-

893 1980 948 2008 νοῦν
962 1979 1034 2018 '5¹:501-
1077 1979 1164 2008 Ἀλλ’
1189 1978 1276 2011 οὕτως
1300 1978 1378 2007 αὐτοὶ
1400 1978 1498 2011 καλῶς
1516 1979 1611 2010 ἐκεῖνος

889 2021 1043 2060 συνύφαινεν,
1060 2022 1111 2051 καὶ
1127 2020 1396 2063 παραπληρώμασιν
1412 2020 1533 2059 εὐφώνοις
1547 2019 1610 2050 διεί-

891 2071 986 2102 ληφεν,
1022 2064 1091 2097 ἅςτε
1120 2063 1430 2105 μεγαλοπρεπέστατα
1459 2063 1610 2102 φαίνεσθαι

892 2108 984 2137 τὲτων
1012 2106 1147 2145 ὄνὸματα.
1192 2105 1321 2144 Dionys⁸
1354 2105 1514 2135 Halicarn-
1547 2107 1609 2148 περὶ

892 2149 1054 2183 συν-θέσεως,
1073 2150 1103 2188 §.
1124 2152 1171 2179 16.

936 2191 1005 2220 Ver.
1022 2195 1094 2222 497.
1118 2191 1236 2230 Σχοῖνόν
1251 2204 1290 2225 τε,
1313 2190 1431 2221 Σκᾶλέν
1447 2189 1502 2231 τα]
1527 2196 1610 2221 Πολ·

891 2235 978 2268 λοίκις
991 2234 1086 2273 μέντοι
1107 2234 1237 2266 τεθέντες
1262 2246 1320 2266 πως
1346 2234 1437 2272 ἐφεξῆς
1461 2231 1609 2271 σύνδεσμοι,

894 2278 944 2306 καὶ
971 2279 1010 2307 τοὶ
1034 2277 1125 2319 μικρὰ
1146 2277 1271 2316 μεγάλα
1297 2276 1421 2309 ποιοῦσιν,
1449 2276 1509 2309 “Ως
1541 2277 1610 2318 παρ’

891 2321 1003 2360 Ὁμήρῳ
1034 2320 1087 2349 τῶν
1118 2320 1268 2349 Βοιωτικᾶἷν
1290 2319 1397 2348 πόλεων
1420 2318 1460 2347 τὰ
1485 2318 1611 2357 ὀνόματα

894 2363 996 2394 εὐτελῆ
1010 2362 1077 2391 ὄντα
1092 2364 1142 2391 καὶ
1164 2363 1261 2403 μικρὰ,
1284 2360 1369 2400 ὄγκον
1391 2361 1453 2390 τινὰ
1475 2361 1538 2400 ’ἔχει
1560 2362 1612 2390 καὶ

887 2405 1014 2444 μέγεθος
1037 2402 1082 2434 διὰ
1105 2405 1167 2438 τοὺς
1196 2403 1366 2441 Συνδὲσμους
1401 2403 1494 2442 ἐφεξῆς
1511 2404 1608 2434 τοο-ού·

889 2461 952 2481 τους
969 2447 1118 2480 τεθέντας·
1133 2446 1183 2476 οἷον
1197 2449 1220 2476 ἐν
1236 2449 1278 2484 τῷ
1300 2451 1317 2464 “
1334 2445 1451 2484 Σχοῖνῦν
1466 2458 1506 2480 τε,
1524 2447 1609 2476 Σκῶ-

892 2491 960 2520 “λ6ν
975 2489 1037 2525 τε,”
1072 2490 1212 2519 Demetr.
1233 2487 1354 2518 Phaler.
1375 2487 1440 2530 πεξί
1457 2488 1608 2530 ἑρμηνείας,

891 2533 921 2572 §.
939 2535 988 2562 54.

931 2575 1006 2604 Ver.
1044 2578 1114 2606 498.
1152 2573 1310 2615 εὐρύχορον]
1357 2582 1412 2611 pro
1447 2574 1609 2616 εὐρύχωρον.

890 2617 986 2647 Poe‘ta
1008 2617 1128 2646 videtur
1152 2616 1294 2645 consulto
1321 2615 1455 2645 vocalem
1481 2616 1610 2655 longam

889 2660 1072 2698 corripuisse
1088 2659 1166 2689 etin
1182 2660 1306 2688 brevem
1331 2657 1465 2698 fregisse,
1493 2669 1532 2688 ne
1554 2661 1609 2688 ab·

889 2703 1001 2733 stinere
1026 2713 1045 2732 a
1070 2701 1218 2731 vocabulo
1240 2699 1409 2731 sonantiori
1435 2708 1612 2740 cogeretur;

889 2755 958 2784 quae
983 2750 1029 2774 est
1058 2744 1183 2783 elegans
1213 2743 1390 2783 conjectura
1416 2743 1481 2773 Cel.
1506 2744 1608 2774 Hem-

892 2787 1035 2817 sterhusii
1050 2786 1090 2817 ad
1105 2786 1233 2817 Lucian.
1252 2786 1374 2826 Nigr-iu.
1398 2786 1435 2816 T.
1454 2786 1480 2815 I.
1505 2796 1534 2825 p.
1558 2789 1609 2817 54.

895 2831 972 2860 Ern.
