1783 3158
621 179 928 233 ἸΛΙἈΔΟΣ
971 180 1047 230 Θ’.
1497 184 1600 236 391

263 332 302 378 Γ
304 325 441 379 νώσετ’
470 325 632 387 ἔπειθ’,
659 324 754 379 ὅσον
781 326 872 396 εἰμὶ
900 328 1010 378 θεῶν
1035 326 1247 398 κάξτιςος
1274 328 1490 382 ἁπάντων.

258 400 364 452 Ει”δ’
393 398 502 466 οἵγε,
529 401 807 472 πειξῆσοοσθε
834 402 951 462 θεοὶ,
979 399 1048 452 ἵνα
1076 400 1214 452 εἴδετε
1241 403 1419 468 πάντες,

261 474 410 547 Σειξὴν
435 475 641 547 χξυσεῖην
669 476 715 537 ἐξ
743 474 952 547 ἐξανᾶθεν
980 476 1306 547 κρεμάσαντες·

148 551 220 603 20
255 550 432 608 Πάντες
460 550 497 601 δ’
526 550 788 610 ἐξάπτεσθε
817 550 932 611 θεοὶ,
958 550 1112 601 πᾶσαί
1134 572 1181 601 τε
1210 549 1406 603 θέαιναι·

255 624 398 676 Ἀλλ’
429 624 485 676 ἐκ
512 621 565 674 οἲν
593 622 784 696 ἐξύσαιτ’
814 624 861 684 ἒξ
889 622 1103 695 ἐξανόθεν
1128 624 1318 677 πεδίονδε

258 700 365 757 Ζῆν’
389 697 553 750 ὕπατον
578 698 760 770 μῆςωξ’,
788 697 852 750 ᾆδ’
882 700 916 748 εἰ
942 699 1087 767 μάλα
1113 700 1272 750 πολλοὶ
1298 701 1505 769 κάμοιτε*

254 773 398 824 Ἀλλ’
429 771 499 823 ὅτε
528 771 578 829 δὴ
600 773 680 823 καὶ
709 770 799 837 ἐγὼ
823 770 1014 844 πξόφξων
1042 770 1251 842 ἐθέλοιμι
1280 773 1482 844 ἐρύσσαι,

711 844 724 861 Ι
847 847 855 861 5

257 847 389 918 Αὒτῇ
415 869 485 898 κεν
513 846 625 918 γαίῃ
653 846 875 917 ἓξυσαιμ,
903 846 1021 918 αὐτῇ
1045 869 1091 898 τε
1120 848 1368 920 θαλάσσῃ·

145 924 217 974 25
257 921 404 993 Zea-3⁷3⁹
431 919 510 990 μέν
536 943 606 972 κεν
634 920 795 973 ἔπειτα
819 921 916 992 mg}
943 921 1030 989 ῥίον
1060 920 1335 992 Οὐλύμποιο

255 1073 273 1088 “
290 1067 480 1108 Cognoverit
494 1066 616 1103 deinde,
632 1072 750 1108 quanto
765 1067 825 1098 sim
840 1066 974 1099 deorum
989 1068 1226 1108 potentissimus
1240 1068 1394 1102 omnium.

258 1128 277 1142 “
293 1122 381 1157 Quin
395 1120 488 1163 agite,
505 1121 790 1161 periculum-facite
806 1121 872 1159 Dii,
890 1127 926 1153 ut
940 1121 1044 1153 sciatis
1059 1133 1178 1160 omneS,

259 1181 277 1195 “
294 1177 414 1207 Catena
429 1186 524 1206 aurea
538 1175 577 1206 de
593 1175 671 1206 coelo
685 1186 852 1215 suspensa3

257 1236 275 1250 ‘⁴
291 1230 413 1261 Omnes
429 1236 536 1260 autem
551 1240 589 1260 ex
604 1241 642 1260 ea
656 1230 790 1270 pendete
805 1230 858 1266 dii,
877 1239 1050 1271 omnesque
1064 1230 1148 1263 deae:

261 1291 278 1304 “
297 1285 342 1315 At
357 1295 423 1315 non
437 1284 593 1315 traxeritis
607 1284 647 1314 de
662 1284 740 1315 coelo
754 1285 789 1315 in
803 1290 919 1315 terram

257 1344 275 1358 “
289 1339 312 1371 J
315 1349 405 1369 ovem
420 1349 585 1369 summum
599 1338 824 1375 consiliarium,
853 1349 895 1369 ne
909 1338 1037 1379 quidem
1055 1339 1080 1369 si
1095 1338 1186 1370 valde
1200 1339 1341 1371 multum
1359 1340 1610 1373 labore-eonten-

255 1400 273 1414 “
287 1394 411 1425 Verum
426 1393 553 1435 quando
568 1393 714 1433 deinceps
729 1404 789 1434 ego
804 1393 917 1424 lubens
932 1393 1061 1425 voluero
1072 1395 1203 1432 trahere,

1472 1396 1606 1440 [deritis:

253 1454 272 1468 “
287 1449 371 1479 Cum
386 1449 453 1487 ipsa
468 1448 579 1489 utique
594 1454 676 1479 terra
690 1454 824 1484 traxero,
840 1448 970 1489 ipsoque
986 1448 1079 1480 mari:

191 1506 234 1535 25
257 1509 275 1523 “
292 1504 446 1536 Catenam
459 1503 589 1546 quidem
604 1503 678 1535 dein
693 1503 776 1535 circa
790 1513 946 1534 cacumen
963 1502 1094 1544 Olympi

463 1597 507 1625 ‘25
529 1594 615 1636 ἐγὼν]
639 1594 685 1628 Fl.
712 1594 756 1626 A.
779 1594 812 1626 J.
857 1597 898 1627 25
919 1594 1018 1637 μεκὶν]
1040 1593 1088 1626 Fl-

100 1726 273 1758 admodum
286 1727 413 1768 conjicit
429 1729 552 1767 Popius,
579 1734 718 1759 catenam
733 1738 825 1758 aure-

911 1727 987 1758 Ver.
1018 1730 1068 1757 25.
1107 1727 1244 1770 πρόφρων]
1278 1729 1423 1759 Fuerunt
1443 1730 1498 1770 qui
1520 1729 1603 1772 lege.

101 1782 151 1801 am
167 1771 320 1801 veteribus
339 1773 500 1811 AEgyptiis
518 1771 728 1801 Astronomiae
744 1771 825 1810 peri·
869 1775 948 1806 rent,
974 1770 1096 1814 πρόσσω.
1132 1772 1232 1802 Clark.
1279 1771 1410 1809 Scilicet,
1434 1773 1508 1813 quia
1534 1775 1603 1817 πρά.

102 1813 142 1843 tis
165 1815 230 1843 Vim
245 1813 341 1844 fuisse
356 1816 440 1849 Solis,
463 1824 525 1854 qua
552 1814 586 1843 in
611 1813 749 1844 Orbibus
763 1813 828 1844 suis

105 1856 340 1887 continerentur
370 1859 519 1887 Planetae.
575 1857 734 1887 Caeterum
758 1856 830 1887 vide

102 1909 197 1938 supra
211 1899 251 1929 ad
267 1899 303 1930 α’.
319 1903 392 1931 599.

143 1942 219 1972 Ver.
235 1946 284 1973 20.
308 1944 422 1977 Πάντες
439 1942 463 1973 δ’
479 1942 657 1984 ἐξάπτεσθε]
681 1942 831 1983 Plerique

100 1984 208 2015 hocin
224 1984 302 2021 loco,
323 1985 511 2024 praecedenti
537 1987 733 2028 κρεμάσαντες
756 1996 829 2015 cum

101 2028 263 2065 ἐξάπτεσθε
289 2028 465 2068 conjuncta,
489 2028 634 2058 voculam
658 2028 685 2059 δὲ
707 2039 831 2067 prorsus

99 2080 363 2109 supervacaneam
394 2071 542 2107 efficiunt,
573 2071 658 2101 etin
682 2072 832 2101 versioni-

100 2114 159 2143 bus
174 2113 238 2144 suis
253 2114 384 2153 proinde
398 2115 560 2144 omittunt.
607 2115 654 2144 At
673 2115 741 2144 haec
763 2123 828 2144 non

100 2162 150 2185 est
163 2157 296 2187 Homeri
310 2157 396 2188 ratio.
443 2156 525 2186 Vide
549 2163 656 2187 tamen
673 2167 768 2197 supra
789 2157 829 2188 ad

99 2198 136 2229 α’.
153 2201 204 2229 57.
230 2201 331 2230 Clark.
376 2199 438 2229 Sed
465 2200 497 2229 in
520 2199 574 2230 illa
589 2200 710 2241 vulgari
732 2200 828 2230 inter-

97 2241 272 2281 pretatione
286 2242 399 2272 melius
413 2242 521 2272 omnia
535 2244 700 2273 cohaerent.
745 2243 830 2273 Nam

98 2285 133 2314 tro*
149 2286 324 2327 πειρήσασθε
347 2295 411 2315 non
434 2292 480 2315 est
494 2285 528 2315 iu
545 2288 588 2326 ιτῷ
601 2285 753 2328 κρεμάσαι,
776 2286 830 2316 sed

100 2326 135 2356 in
151 2329 194 2367 τῷ
208 2327 390 2366 ἐξάπτεσθαι
414 2338 431 2358 e
455 2339 605 2367 suspensa
623 2334 741 2359 catena.
785 2330 828 2359 Et

96 2369 177 2400 illud
203 2370 229 2401 δὲ
255 2381 319 2401 non
335 2382 400 2401 uno
425 2371 494 2402 loco
519 2372 564 2401 sic
586 2376 631 2401 est
646 2372 730 2410 apud
754 2371 824 2402 Ho-

101 2422 234 2448 merum,
246 2414 341 2444 veluti
354 2425 399 2449 eo,
410 2424 504 2454 quem
516 2413 581 2454 ipse
595 2415 720 2453 profert·
747 2416 825 2446 Ern.

143 2455 216 2486 Ver.
242 2460 292 2487 21.
314 2458 401 2488 Ἀλλ’
426 2459 462 2488 ἐκ
488 2460 524 2488 ἄν
549 2457 685 2500 ἐρύσαιτ’]
719 2458 755 2488 Tb
774 2459 827 2497 μὲν

97 2498 170 2533 siam
194 2499 337 2538 ἀκίνητον,
361 2501 415 2532 ὑπ’
438 2500 524 2535 ἑδενδς
549 2499 693 2540 ἐνδέχεται
715 2503 825 2534 κινηθῆ·

101 2552 153 2572 ναι·
198 2547 217 2561 “
238 2543 326 2573 Ἀλλ’
352 2544 389 2574 ἐκ
414 2544 449 2574 οἲν
473 2544 594 2585 ἐρύσαιτ’
621 2545 649 2582 ἐξ
671 2543 825 2597 ὲςιινόθεν”

95 2589 151 2615 etc.
174 2585 299 2615 Aristot.
322 2587 385 2629 περὶ
408 2588 459 2620 τῆς
475 2589 562 2621 κοινῆς
581 2588 636 2617 τῶν
659 2588 734 2631 {mom
749 2587 824 2620 muri-

96 2639 174 2660 σεως.
196 2629 376 2664 Bamesius,
400 2628 531 2659 minime
554 2629 682 2670 ignarus
698 2640 762 2670 qua
776 2640 824 2660 ra-

96 2669 183 2700 tione
210 2669 335 2710 Syllaba
359 2671 395 2702 σ’ἕν
416 2672 546 2711 produci
560 2673 611 2704 hic
626 2678 737 2713 posset,
760 2673 826 2706 edi-

95 2712 145 2744 dit
165 2717 272 2743 tamen
298 2724 336 2744 ex
361 2714 546 2754 conjectura,
571 2717 660 2747 Ἀλλ’
686 2717 723 2747 ἐκ
738 2715 772 2746 ἂν
788 2717 829 2747 Μ’

95 2756 227 2798 {grimm-2
253 2761 274 2775 “
297 2758 395 2797 quue
410 2760 484 2789 adeo
499 2761 628 2794 evidens,
655 2759 766 2800 inquit,
789 2766 824 2791 ut

96 2802 115 2818 ‘⁴
129 2810 190 2831 non
205 2800 338 2839 amplius
353 2802 393 2831 sit
407 2801 639 2834 dubitandum.'’
670 2803 823 2834 Attamen

94 2840 189 2887 longe
203 2843 363 2876 venustius
376 2843 524 2877 reticetur
538 2844 632 2882 istud,
647 2844 695 2886 μέ,

871 1821 950 1855 φρωι,
973 1813 1058 1853 quod
1072 1812 1149 1843 alias
1165 1813 1198 1843 in
1214 1815 1329 1844 bonam
1345 1822 1463 1854 partem
1479 1816 1602 1855 dicitur,

873 1866 937 1886 non
953 1856 1076 1886 videtur
1090 1856 1143 1886 hic
1157 1857 1319 1887 sententiae
1334 1859 1512 1890 convenire.
1540 1861 1603 1893 Sed

875 1899 999 1942 πρόφρων
1013 1900 1044 1930 h.
1060 1899 1079 1929 1.
1095 1909 1161 1929 non
1174 1905 1220 1930 est
1233 1902 1347 1936 lubens,
1374 1908 1410 1931 ut
1424 1907 1469 1932 est
1483 1902 1517 1933 in
1534 1913 1601 1934 ver-

874 1942 969 1978 sione,
993 1948 1048 1973 aut
1061 1944 1199 1982 cupidus,
1223 1943 1276 1974 sed
1291 1950 1346 1974 aut
1360 1945 1523 1980 redundat,
1546 1953 1602 1977 aut

873 1985 960 2016 locus
975 1986 1019 2016 sic
1034 1985 1200 2015 vertendus
1215 1992 1276 2017 est:
1301 1989 1345 2018 At
1369 1999 1433 2019 vero
1449 1990 1478 2019 si
1491 2000 1537 2020 me
1551 1991 1601 2020 lu-

873 2030 940 2059 bido
956 2030 1070 2068 capiat.
1101 2029 1145 2058 Et
1159 2028 1273 2060 dicitur
1287 2040 1360 2060 mox
1372 2041 1399 2061 v.
1416 2035 1466 2062 40.
1481 2031 1515 2061 in
1529 2043 1600 2072 par-

874 2078 938 2102 tem
953 2071 1146 2102 deteriorem.
1192 2073 1270 2103 Ern.

914 2115 990 2145 iser.
1007 2117 1057 2145 25.
1081 2115 1145 2157 περὶ
1157 2115 1210 2156 ῥίον
1221 2115 1402 2158 Οἷιλῦμποιο]
1428 2116 1476 2148 Cl.
1491 2118 1600 2149 Βοίυἰ·

871 2160 943 2188 m'us
959 2160 992 2188 in
1017 2159 1159 2188 Memoz‘r.
1185 2158 1217 2188 d’
1245 2158 1267 2188 ι’
1299 2160 1397 2190 Acad.
1419 2161 1471 2190 des
1500 2161 1603 2192 Inscr-

878 2203 916 2232 T.
947 2202 990 2231 X.
1020 2202 1105 2231 Diss.
1137 2203 1186 2231 24.
1217 2202 1335 2240 statuit,
1369 2201 1505 2243 intelligi
1534 2213 1601 2234 non

874 2250 1016 2274 montem
1041 2243 1218 2279 Thessaliae,
1244 2244 1297 2274 sed
1322 2244 1485 2280 coelestem,
1510 2246 1606 2286 cujus

874 2287 994 2318 radices
1016 2286 1050 2316 in
1071 2286 1156 2322 coelo,
1183 2296 1335 2317 cacumen
1350 2298 1456 2318 versus
1470 2294 1599 2321 terram:

874 2340 949 2361 nam
965 2329 1041 2360 alias
1063 2339 1128 2359 non
1154 2329 1288 2370 intelligi
1303 2340 1399 2369 posse,
1423 2331 1477 2371 qui
1491 2338 1604 2363 catena

869 2374 909 2404 de
936 2372 1065 2413 Olympi
1092 2372 1205 2403 vertice
1230 2383 1377 2413 suspensa
1397 2374 1532 2414 pendeat
1552 2375 1618 2418 ita}

869 2416 902 2446 in
918 2422 1042 2452 terram,
1065 2421 1102 2445 ut
1115 2415 1166 2445 hic
1180 2415 1370 2447 describitur.
1416 2417 1512 2453 Quod
1526 2428 1599 2458 pro-

868 2461 922 2490 bat
938 2461 980 2491 Cl.
999 2460 1129 2491 Riccius
1143 2460 1228 2490 Diss.
1244 2461 1337 2491 Hom.
1358 2461 1392 2491 Τ.
1407 2462 1454 2492 ΙΙ.
1478 2471 1509 2500 p.
1525 2464 1599 2493 210.

870 2504 951 2534 Em.

912 2546 990 2576 Ver.
1015 2547 1066 2576 26.
1087 2545 1229 2588 μετήορα]
1259 2544 1344 2576 Vide
1372 2554 1478 2586 supra'
1491 2547 1531 2579 ad
1560 2548 1599 2585 β’.

910 2632 985 2662 Ver.
1002 2635 1052 2663 28.
1075 2632 1101 2662 οἱ
1119 2629 1142 2662 δ’
1161 2630 1220 2674 02¹3oe
1244 2630 1352 2666 mim-25
1376 2633 1449 2667 ἀκὴν
1472 2634 1603 2674 ἐγένοντο

870 2675 986 2717 σιωπῇ]
1010 2673 1127 2715 Virgil.

1004 2740 1049 2765 olli
1061 2739 1223 2772 obstupuere
1233 2741 1350 2773 silentes,

899 2788 1081 2821 conversique
1093 2789 1184 2816 oculos
1195 2789 1267 2816 inter
1276 2796 1306 2818 se
1314 2791 1396 2822 atque
1406 2797 1454 2816 ora
1462 2791 1600 2818 tenebant,

1348 2838 1410 2866 AEn.
1418 2839 1471 2867 XI.
1482 2839 1539 2867 120.
