1820 3158
880 182 930 229 iv

159 322 303 355 contra
315 320 498 364 caeteras,
515 314 638 355 etiam
659 312 806 354 vitiosa
821 313 1037 368 scriptura,
1059 320 1098 353 et
1115 311 1280 367 quidem
1302 311 1510 352 interdum
1525 308 1582 350 ita
1596 309 1661 350 in-

160 393 344 452 signiter,
366 404 411 436 ut
431 410 484 436 ex
504 395 649 436 eodem
669 395 774 435 libro
794 395 907 436 ducti
927 395 1159 445 videantur,
1181 402 1227 435 ut
1249 393 1295 434 ΙΙ.
1315 392 1366 444 μ’.
1385 398 1482 433 206.
1503 393 1546 433 in
1565 395 1657 443 κάμ-

157 477 242 522 βκλ’
261 492 338 531 pro
356 478 463 521 κάββ.
496 475 607 530 quod
627 477 671 516 in
691 475 810 516 editis
839 476 924 517 sola
952 477 1188 517 Florentina
1218 489 1313 516 cum
1343 474 1497 515 Aldina
1527 475 1662 531 prima

160 558 294 600 habet.

221 639 457 683 Secundum
481 636 678 678 Codicem
709 636 821 677 hunc
854 635 951 678 MS.
985 650 1083 677 cura
1114 635 1206 685 fuit,
1236 650 1475 690 comparare
1506 644 1660 678 veteres

154 718 371 766 editiones,
400 731 575 772 quarum
604 717 797 758 lectiones
827 716 1015 758 nondum
1045 725 1162 758 erant
1192 716 1408 772 diligenter
1437 712 1660 771 excerpt-‘³¹3²

161 813 256 843 cum
277 798 372 839 satis
393 807 565 848 constet,
588 813 641 840 ne
661 799 903 843 Barnesium
925 797 1093 854 quidem
1114 798 1208 843 satis
1230 797 1446 854 diligenter
1476 797 1665 839 editioni-

164 880 239 922 bus
276 879 478 920 veteribus
513 894 632 920 usum
665 894 766 930 esse,
801 880 995 920 Clarkius
1030 887 1169 920 autem
1200 879 1244 920 in
1264 878 1505 920 lectionibus
1539 878 1664 920 libro-

161 977 255 1003 rum
277 961 482 1002 editorum
512 960 595 1002 fere
624 961 668 1001 in
698 962 967 1002 Barnesianis
997 961 1198 1015 excerptis
1227 960 1466 1015 acquiescat.
1528 959 1669 1015 Atque

161 1044 285 1084 etiam
298 1044 518 1084 Bar-nesius
531 1043 574 1082 in
589 1041 743 1083 Aldina
758 1042 932 1084 lectione
956 1041 1106 1083 fallitur
1138 1055 1233 1083 cum
1263 1041 1420 1082 caeteris
1447 1040 1664 1096 plerisque,

162 1139 289 1166 unam
310 1138 535 1180 agnoscens
554 1123 771 1164 lectionem
793 1123 1001 1172 Aldinam,
1024 1122 1118 1169 curn
1150 1122 1230 1163 sint
1256 1121 1406 1176 plures.
1467 1120 1560 1177 Ego
1589 1121 1666 1177 igi-

162 1217 229 1249 tur
250 1222 345 1248 cum
365 1206 559 1247 haberem
581 1205 623 1245 in
645 1204 880 1260 supellectili
910 1219 1003 1246 mea
1031 1203 1231 1245 editiones
1260 1202 1433 1243 Homeri
1461 1201 1665 1256 antiquio-

161 1304 241 1338 res,
273 1289 564 1337 Florentium,
596 1286 788 1329 Aldz'nam
817 1286 995 1340 primam
1025 1292 1067 1326 et
1093 1284 1258 1325 tertiam
1293 1286 1408 1337 (nam
1443 1282 1665 1324 secundam

163 1370 299 1411 dimisi
320 1368 530 1424 quondam
551 1383 574 1408 e
593 1367 798 1417 manibus,
821 1365 934 1422 quod
954 1381 978 1406 a
997 1365 1132 1420 prima
1161 1372 1231 1406 aut
1259 1364 1379 1405 tertia
1408 1363 1549 1404 saltem
1579 1378 1666 1405 non

165 1451 329 1494 differre
355 1450 568 1505 putabam)
589 1457 749 1504 partem
769 1447 1033 1488 Lemniensis
1053 1454 1094 1487 et
1122 1446 1317 1495 Juntinae,
1355 1444 1664 1495 Turnebianam,

164 1539 480 1588 suppeteretque
495 1530 619 1572 etiam
638 1545 734 1571 usus
753 1530 965 1578 Romame,
996 1526 1110 1569 nolui
1130 1525 1238 1567 hanc
1267 1525 1497 1567 facultatem
1527 1525 1666 1567 dimit-

167 1620 255 1655 tere
275 1612 598 1669 colligendarum
619 1626 671 1652 ex
690 1610 755 1651 his
774 1609 1023 1652 editionibus
1042 1608 1264 1650 lectionum
1284 1607 1488 1648 variarum
1508 1615 1549 1649 et
1568 1606 1665 1648 huic

166 1694 340 1737 editioni
361 1693 734 1750 adjungendarum3
767 1707 821 1733 ex
841 1706 923 1747 quo
937 1691 1025 1746 jam
1044 1690 1183 1731 liceret
1203 1689 1429 1731 accuratius
1449 1688 1501 1729 de
1530 1688 1593 1729 his
1623 1704 1665 1730 e-

167 1775 391 1817 ditionibus
404 1774 605 1830 judicare,
627 1788 751 1830 quam
771 1773 895 1830 vulgo
915 1771 1005 1813 fieri
1025 1779 1096 1812 aut
1114 1770 1266 1812 factum
1287 1769 1484 1819 videmus,
1516 1777 1556 1811 et
1585 1771 1668 1811 ori-

169 1858 283 1915 gines
303 1856 527 1898 lectionum
546 1855 778 1912 vulgarium
797 1854 842 1895 in
863 1854 1036 1895 Homeri
1055 1851 1250 1907 exemplis
1269 1850 1387 1893 editis
1407 1865 1666 1907 cognoscere.

227 1937 370 1979 Editio
389 1952 489 1994 ergo
510 1937 761 1986 Florentina,
782 1935 857 1976 etsi
876 1935 928 1976 ab
947 1933 1117 1975 homine
1142 1947 1277 1990 graece
1296 1932 1530 1973 doctissimo
1550 1947 1670 1973 cura·-

171 2028 216 2060 ta
235 2028 309 2068 est,
331 2027 469 2060 tamen
490 2033 575 2059 non
595 2018 745 2073 potuit,
767 2025 813 2058 ut
845 2016 1008 2071 opinor,
1030 2015 1088 2057 ita
1107 2021 1296 2056 accurata
1325 2028 1424 2063 esse,
1446 2028 1521 2054 nec
1542 2013 1585 2054 in
1605 2012 1669 2053 di-

171 2105 283 2146 lectu
301 2100 540 2150 lectionum,
557 2114 633 2140 nec
653 2100 696 2140 in
717 2099 933 2153 scriptura,
955 2104 1001 2138 ut
1020 2095 1145 2137 hodie
1165 2094 1253 2136 fieri
1288 2094 1445 2145 volunt,
1473 2095 1544 2149 qui
1576 2102 1672 2135 sunt

173 2181 321 2223 harum
342 2196 480 2222 rerum
500 2180 632 2235 periti.
695 2179 902 2222 Homines
914 2178 1056 2235 graeci,
1078 2175 1207 2234 qualis
1227 2176 1452 2216 Demetrius
1474 2175 1668 2216 Chalcon-

175 2265 287 2318 ἀμίας
306 2263 397 2312 fuit,
420 2277 505 2303 non
526 2262 578 2303 ad
598 2261 706 2303 hanc
725 2266 894 2318 anglenam
914 2267 1096 2301 nostram
1123 2272 1258 2314 graece
1289 2256 1399 2297 docti
1421 2263 1552 2305 erant,
1585 2268 1671 2295 non

177 2345 318 2386 critica
338 2352 425 2385 arte
445 2351 486 2384 et
506 2343 707 2400 elegantia
739 2341 904 2391 exculti,
939 2354 1063 2396 quam
1094 2338 1218 2379 hodie
1253 2338 1295 2378 in
1327 2335 1495 2377 edendis
1526 2334 1671 2392 graecis

176 2425 441 2479 scriptoribus
461 2423 647 2466 adhiberi
660 2423 858 2464 volumus.
920 2421 1011 2463 Usu
1027 2419 1254 2461 didicerant
1266 2418 1399 2459 literas
1414 2431 1569 2473 graecas
1584 2430 1671 2456 ma-

173 2508 238 2564 gis
259 2515 300 2547 et
318 2506 505 2556 lectione,
527 2519 652 2561 quam
671 2504 808 2545 solerti
828 2503 1099 2551 institutione,
1121 2508 1162 2541 et
1182 2500 1275 2541 satis
1290 2498 1497 2540 habebant
1515 2511 1673 2554 graecos

177 2589 301 2629 libros
322 2596 529 2642 utcunque
547 2586 787 2643 intelligere:
810 2585 950 2630 omnia
969 2589 1157 2624 accurate
1177 2588 1382 2630 excutere,
1397 2579 1590 2620 lectiones
1605 2593 1675 2620 va-

176 2669 258 2710 rias
276 2668 479 2725 colligere,
501 2683 566 2708 eas
579 2668 660 2709 suis
680 2666 898 2708 momentis
918 2663 1162 2719 ponderare,
1178 2661 1231 2703 ad
1250 2661 1358 2718 leges
1373 2660 1531 2701 criticas
1551 2658 1674 2700 dilec-

182 2760 269 2791 tum
283 2749 428 2799 facere,
447 2764 531 2789 non
546 2749 712 2804 quidem
733 2748 904 2788 omnino
920 2745 1197 2802 negligebant,
1217 2742 1286 2784 sed
1303 2751 1440 2783 tamen
1456 2754 1540 2782 non
1555 2738 1674 2779 nimis

174 2831 346 2876 ,sollicite
367 2830 578 2872 curabant.
625 2829 740 2886 Ergo
762 2843 856 2873 cum
876 2827 980 2868 forte
996 2825 1161 2869 fortuna
1172 2825 1216 2866 in
1233 2824 1364 2865 bonos
1380 2822 1554 2864 Codices
1573 2818 1674 2863 inci-
